4882 6426
195 321 267 400 ⁸91
374 380 376 387 ,
787 308 1223 391 EPISTOLARUM
1271 311 1376 395 LlB.
1414 313 1480 396 Xl.
1532 312 1665 399 1648.
2171 314 2248 393 892

199 495 244 565 de
264 484 459 564 Eustochio
485 503 519 561 et
540 486 657 560 Dania
681 487 865 564 deliberat.
916 487 986 559 Sed
1010 488 1131 558 mallet
1156 486 1195 556 in
1250 479 1445 583 Lipsicae‚
1469 509 1678 575 cognoscere
1692 481 1783 560 Cels.
1798 484 1842 561 V.
1858 485 1999 580 poterit·
2035 479 2139 556 Nihil
2153 488 2247 556 sedi-

202 591 259 665 his
285 592 490 683 regionibus
523 616 676 661 manere.
726 589 817 661 Cum
851 604 968 662 autem
996 583 1195 659 Forslcrus
1251 590 1338 659 tiose
1353 589 1495 674 faciam,
1521 590 1723 658 sed'tamen
1744 591 1858 659 donec
1872 591 2009 671 vivam,
2034 590 2188 658 modeste
2201 592 2246 658 de

201 711 346 791 propter
363 694 459 763 vocis
477 695 665 783 exilitatem
683 688 792 762 Mori
812 692 928 761 locum
948 716 1023 760 non
1046 705 1198 783 expetnt,
1252 692 1358 759 rebus
1384 691 1586 759 necessariis
1612 692 1712 758 v'eras
1733 692 1924 761 sententias
1943 691 2071 762 dicam.
2122 687 2245 783 Aliqui

202 813 237 870 et
251 795 407 868 fortassis
424 789 558 864 Morus
574 795 678 864 istinc
696 799 770 863 n'ou
787 795 997 863 discesseras
1012 794 1070 874 sit,
1097 807 1200 882 opta·
1252 794 1399 861 sortasse
1423 806 1565 881 sperant
1588 815 1729 860 astream
1751 807 1896 863 aetatem
1924 793 2001 861 sore
2023 790 2170 882 prolatis
2190 788 2247 861 his

202 900 271 970 rim
298 897 515 985 Torgensem
539 894 732 966 Ecclesiam
755 892 915 992 Socppio
944 895 1200 964 commendari.
1253 893 1401 964 decretis
1411 886 1461 985 *):
1497 896 1556 963 sed
1582 890 1697 962 Deum
1721 918 1860 963 oremus
1878 909 1919 963 ut
1941 895 2015 984 ipse
2038 915 2142 984 opem
2161 893 2251 964 ferat

204 1003 274 1073 Sed
291 1001 326 1068 id
343 998 499 1068 fortassis
515 998 685 1090 impediet
698 998 821 1088 opinio
839 999 942 1086 fugae
959 999 1016 1066 vel
1032 998 1200 1066 offensio·
1253 1019 1317 1065 suo
1342 996 1455 1064 coetui
1471 996 1533 1088 qui
1550 996 1730 1064 veritatem
1754 997 1907 1089 quaerit,
1930 1009 1964 1064 et
1981 1019 2063 1063 vere
2085 994 2251 1064 invocare

205 1104 262 1173 nis
278 1099 365 1192 lmp.
388 1099 444 1170 vel
467 1102 561 1194 quod
585 1124 681 1168 nunc
706 1100 744 1167 in
762 1098 941 1194 Tyrigetis
964 1113 1025 1169 est.
1075 1097 1128 1169 De
1144 1094 1202 1174 ¹his
1252 1094 1368 1166 Deum
1384 1111 1417 1166 et
1430 1098 1544 1166 colere
1560 1098 1764 1168 necessariis
1780 1097 1907 1168 officiis
1922 1122 2003 1167 eum
2019 1097 2148 1171 studet.
2180 1093 2252 1167 Bc-

204 1205 311 1276 rebus
328 1226 445 1272 coram
465 1215 579 1270 tecum
595 1203 737 1293 loquar.
1254 1223 1299 1268 ne
1315 1199 1426 1268 valeat
1443 1196 1535 1274 Cels.
1554 1197 1598 1274 V.

307 1314 362 1387 De
376 1309 540 1386 Fochsii
553 1317 699 1408 epistola
722 1316 813 1386 serio
840 1330 874 1387 te
894 1342 979 1402 oro,
1000 1331 1040 1386 ut
1063 1316 1201 1384 veniam

207 1415 298 1490 mihi
315 1421 385 1487 des.
428 1417 550 1510 Nuper
565 1419 698 1489 oblitus
714 1442 804 1503 sum,
830 1442 909 1487 cum
926 1419 1056 1510 inipso
1073 1419 1202 1487 disces-

209 1546 259 1593 su¹
279 1532 351 1591 tam
381 1520 566 1612 multiplex
591 1535 679 1590 esset
711 1511 945 1600 ἔπισύστασις
971 1521 1203 1612 interpellam-
1269 1527 1464 1602 Names.
2122 1542 2153 1600 1.
2168 1531 2253 1595 Maii.

208 1619 315 1707 tium,
338 1637 457 1713 postea
474 1625 558 1716 quia
578 1646 668 1691 uxor
690 1647 766 1691 mea
786 1623 824 1689 in
845 1622 1004 1693 conclavi
1021 1622 1203 1705 decubuit,
1260 1627 1473 1662 sm
2111 1623 2252 1651 Μ

210 1720 350 1795 chartae
384 1723 572 1815 dissipatae
607 1736 699 1796 suut.
752 1721 836 1792 ldeo
874 1724 1057 1815 epistolam
1090 1725 1135 1792 ad
1169 1738 1203 1792 te
1607 1711 1664 1793 H.
1689 1709 1756 1800 W
1756 1710 1899 1797 ellerO.

210 1827 375 1916 scriptam
397 1826 552 1915 reperire
567 1851 641 1895 non
658 1824 777 1915 potui,
803 1824 905 1895 mitto
931 1849 1008 1894 eam
1031 1825 1203 1917 quemad
1324 1831 2119 1938 Eptss.ttb.11.p.292.(edictonddiult.epist).

208 1952 265 1997 me
277 1926 347 1995 scri
374 1925 429 1995 sit.
1227 1942 1232 1975 ι

311 1950 421 2114 Mitto
438 2056 473 2111 et
487 2031 678 2110 Osiandri
691 2043 959 2134 propositiones,
977 2067 1064 2137 quas
1079 2043 1204 2134 probo.
1227 1980 1232 2053 1
1450 2004 1506 2083 D·
1532 2005 1746 2104 Hlm'li'
1756 2031 1823 2077 '²²⁰
1855 2000 2042 2079 Wdles
2053 2028 2075 2073 ⁰

211 2146 283 2218 Sed
302 2160 479 2215 certamen
500 2141 539 2214 ἐν
559 2140 735 2241 παρέργῳ
750 2158 868 2214 ortum
891 2159 960 2229 ⁹⁵1,
985 2148 1081 2238 qU⁰d
1105 2146 1206 2213 seda·
1259 2144 1304 2233 S
1330 2157 1375 2231 D.
1416 2157 1518 2228 Hanc
1534 2152 1776 2230 Nazianzeni
1791 2157 2003 2226 sententiam
2018 2178 2121 2244 saepe
2137 2152 2254 2240 recito,

212 2249 348 2331 bimus,
373 2247 435 2316 sed
464 2240 555 2314 hanc
584 2247 738 2316 arbitror
761 2247 1002 2319 velitationem
1031 2270 1124 2330 esse,
1150 2269 1206 2314 se·
1260 2275 1294 2330 et
1314 2261 1536 2330 m01115V010
1562 2274 1684 2329 notam
1706 2283 1793 2328 θεᾶς
1826 2252 1938 2329 οὐδὲν
1959 2253 2081 2336 οὕτως
2102 2252 2254 2351 εὐφραί.

211 2348 761 2443 (luefllurallflm³l⁰f³Pffl⁰ll³·
1259 2386 1337 2435 νειν
1371 2357 1470 2454 ἡμᾶς
1502 2362 1654 2446 εἴωθεν,
1707 2357 1757 2441 ὥς
1789 2354 1957 2438 adversius
1987 2353 2165 2450 καθαρὸν
2192 2353 2254 2428 καὶ

313 2462 456 2533 Gratias
484 2486 567 2552 ago,
595 2466 691 2556 quod
726 2464 882 2533 carmina
912 2459 1143 2556 Eclipseos')
1174 2475 1209 2530 ct
1262 2459 1402 2543 ἐλπίδες
1433 2458 1591 2562 ἀγαθαί.
1655 2462 1729 2533 Nos
1760 2463 1868 2552 igitur
1899 2460 2114 2530 conscientia
2145 2473 2253 2528 rectae

212 2566 282 2636 alia
298 2565 444 2648 misisti,
469 2588 534 2654 pro
556 2589 596 2632 eo
611 2589 758 2633 munere
774 2567 876 2634 vobis
890 2564 1082 2634 Ptolemaei
1105 2564 1210 2634 libel·
1262 2566 1454 2635 voluntatis
1485 2579 1736 2648 sustentemus,
1769 2564 1939 2656 quicquid
1961 2561 2108 2633 accidet.
2169 2558 2252 2629 Nam

213 2669 285 2750 los,
310 2666 498 2738 mittemus.
557 2663 611 2735 Dc
633 2663 822 2736 Victorini
835 2666 1003 2758 petitione
1021 2691 1138 2735 coram
1155 2667 1211 2734 lo-
1263 2667 1415 2758 simplici
1431 2667 1550 2736 studio
1566 2681 1709 2756 propter
1729 2667 1937 2733 mandatum
1951 2664 2038 2743 Dei,
2064 2661 2252 2744 veritatem,

216 2792 377 2860 quemur.
429 2765 503 2836 Nos
526 2770 649 2836 eodem
674 2782 833 2859 tempore
858 2763 916 2836 lric
935 2774 1053 2835 senem
1070 2762 1211 2836 Schur-
1264 2793 1353 2862 quae
1378 2770 1533 2860 profecto
1549 2769 1667 2836 densis
1688 2766 1842 2837 tenebris
1859 2770 1985 2835 obruta
2007 2763 2099 2845 luit,
2121 2763 2254 2855 quaesi-

204 2864 350 2964 fium³)
384 2883 615 2960 expectamus.
682 2869 752 2940 Sed
787 2870 888 2960 plura
923 2893 1054 2942 coram.
1115 2867 1212 2937 Bene
1265 2873 1402 2949 vimus,
1428 2883 1463 2938 et
1480 2870 1609 2939 multae
1631 2893 1686 2938 res
1709 2871 1824 2938 bonae
1841 2881 1933 2936 recte
1953 2865 2150 2957 patefactae
2167 2875 2253 2935 sunt.

216 2987 251 3042 et
265 2970 414 3040 feliciter
431 2970 518 3038 vale.
557 2969 684 3040 Servet
702 2972 1001 3040 teetuniversam
1016 2967 1212 3040 Ecclesiam
1265 2971 1405 3042 Deinde
1434 2994 1614 3061 speremus
1637 2972 1742 3040 etiam
1766 2969 1881 3039 Deum
1909 2966 2161 3036 exauditurum
2191 2987 2255 3032 esse

216 3087 315 3145 tuam
329 3072 556 3142 domesticam
575 3071 668 3141 filius
681 3069 749 3142 Dei
767 3085 883 3146 custos
894 3069 1088 3142 Ecclesiae.
1266 3073 1417 3162 gemitus
1446 3087 1597 3146 nostros.
1647 3070 1738 3140 Nam
1766 3066 1922 3139 hnmana
1952 3067 2131 3160 praesidia
2156 3089 2252 3159 quam

880 3172 886 3183 ’
1267 3176 1339 3243 sint
1353 3175 1504 3258 incerta,
1529 3173 1661 3266 experti
1677 3195 1808 3241 sumus.
1850 3168 1912 3239 Pie
1930 3185 1964 3240 et
1980 3168 2164 3259 sapienter
2177 3167 2253 3236 faci·

1269 3277 1330 3358 tis,
1355 3277 1450 3366 quod
1464 3271 1622 3344 scholam
1636 3288 1786 3344 vestram
1804 3274 1947 3356 fovetis,
1970 3285 2092 3339 metuo
2111 3269 2250 3338 enimin

228 3425 1213 3440 -—-----—--—-—---
1267 3377 1390 3446 multis
1413 3376 1499 3444 locis
1524 3378 1661 3446 futuras
1683 3399 1755 3444 esse
1782 3370 1980 3443 scholarum
2005 3371 2251 3460 dissipationes,

412 3489 416 3495 ’
1270 3501 1355 3570 quas
1371 3475 1466 3546 Deus
1486 3473 1683 3569 prohibeat.
1715 3474 1937 3548 Cumautem
1953 3466 2252 3542 Mem'ililiushic

222 3573 288 3645 No.
308 3573 421 3643 4222·
961 3583 1216 3671 (l'ere30.Apr.)
1270 3578 1467 3670 narraverit
1501 3573 1716 3664 Marcelle,
1763 3601 1798 3648 se
1831 3576 2156 3646 non'serviturum
2190 3593 2251 3640 esse

226 3674 437 3708 Μ
984 3677 1195 3716 ⁹⁹¹⁹
1271 3695 1404 3751 vestrae
1439 3675 1579 3750 scholae
1598 3675 1677 3775 **),
1714 3678 1889 3749 mittimus
1916 3679 2052 3746 advos
2081 3671 2251 3743 hominem

440 3753 629 3869 Georgio
654 3758 796 3843 Princ.
816 3758 1003 3845 Anhal.
1270 3776 1313 3850 F
1311 3804 1481 3864 roncum,
1530 3780 1743 3870 Magistrum
1783 3773 2018 3848 Fridericum
2058 3772 2249 3854 Zorlerum,

290 3930 375 4004 Epist.
390 3928 437 3986 Hb·
450 3932 485 3985 u·
504 3931 602 4001 piot.
623 3932 697 4001 (edis.
709 3932 768 3986 Lon
771 3933 796 3990 d.
810 3931 857 3988 lib.
872 3933 907 3992 11.
928 3953 971 4006 ep.
985 3934 1066 4002 tta).
1272 3885 1393 4002 uirum
1412 3885 1609 3999 modestum
1633 3896 1669 4001 et
1691 3884 1866 3974 praeclare
1896 3881 2111 3997 instructum
2145 3876 2248 3947 erudi·

1271 3999 1369 4055 uone
1383 4007 1421 4051 m
1433 3980 1663 4074 Plrrlosophra
1680 3998 1713 4053 et
1729 3999 1877 4075 utraque
1892 3983 2024 4070 lingua,
2043 4005 2106 4070 qus
2123 3999 2247 4071 operam

373 4085 428 4162 D.
456 4081 633 4182 Georgi
640 4113 661 4157 0
683 4083 852 4189 Prtircipi
865 4089 905 4160 in
920 4085 1066 4160 Anhalt
1271 4086 1372 4155 vobis
1385 4109 1484 4154 suam
1501 4086 1616 4156 offert.
1670 4083 1779 4154 Vobis
1794 4085 1902 4173 igitur
1919 4077 2013 4151 hunc
2028 4074 2071 4152 F
2069 4075 2244 4149 tidericum

221 4216 266 4308 S,
290 4237 339 4306 Β,
393 4234 634 4304 flluspsissime
655 4250 688 4306 et
711 4234 1219 4326 ReverendissimePrinceps‚
1271 4188 1511 4361 ῗὲιῐιιῐὲιῗιὲίὲἑ
1543 4184 1641 4256 Bene
1655 4201 1690 4258 et
1704 4188 1854 4257 feliciter
1870 4187 1956 4257 vale.
2003 4178 2245 4255 Calendllaii.

215 4327 314 4407 Cels.
331 4334 376 4404 V.
397 4337 537 4405 remitto
569 4337 724 4428 paginas.
781 4335 859 4407 Etsi
882 4354 998 4409 autem
1024 4335 1219 4428 Imperator

224 4439 453 4508 necessariam
472 4433 578 4507 habet
602 4461 740 4506 causam
756 4444 976 4532 quaerendae
999 4441 1220 4510 conciliatio·
1282 4474 2247 4506 --—---.------·----·-·

227 4540 283 4608 nis
301 4541 339 4607 iu
362 4553 458 4609 tauta
485 4539 776 4608 dissimilitudine
793 4542 1004 4633 opinionum
1027 4557 1061 4615 et
1084 4543 1219 4612 rituum

225 4641 264 4710 in
288 4637 474 4723 Ecclesiis,
508 4655 540 4711 et
574 4664 635 4731 ego
666 4667 785 4732 pacem
816 4658 918 4735 opto:
951 4657 1069 4712 tamen
1100 4660 1219 4715 metuo
1273 4615 1469 4744 Q·
2099 4619 2242 4750 Q

225 4737 318 4811 hanc
336 4742 618 4811 conciliationem
645 4744 840 4833 parituram
864 4768 937 4813 esse
954 4770 1046 4814 nova
1063 4746 1220 4831 dissidia,
1697 4783 1742 4868 Ν
1784 4782 1830 4866 N
2188 4749 2189 4752 ’

227 4859 261 4913 et
279 4857 395 4913 motus
412 4867 484 4910 nou
499 4843 602 4915 leves.
654 4842 764 4913 Liber
780 4846 905 4915 durior
920 4860 988 4930 est,
1014 4871 1121 4937 quam
1136 4842 1221 4917 haec
1742 4848 1753 4870 ⁰
1827 4844 1839 4868 ⁰

965 3201 1164 3298 Philippus.

226 4958 407 5036 excerpta,
434 4945 567 5036 etquid
585 4968 649 5013 nos
666 4948 931 5030 monuerimus,
958 4971 998 5015 ex
1016 4947 1057 5016 iis
1072 4948 1221 5037 paginis,
1341 4928 1365 5000 †
1385 4927 1420 4980 ³¹
1432 4925 1592 4998 apographis
1604 4925 1633 4981 ³¹¹
1646 4928 1708 4984 ⁰⁰⁶·
1724 4926 1806 4984 ⁶⁰¹⁵·
1822 4928 1879 4984 ¹⁹¹·
1893 4943 1923 5048 f·
1937 4927 1995 4994 ⁴⁰*
2018 4934 2045 4981 ‘¹
2056 4944 2149 4999 ’Μ’
2161 4926 2189 4979 ⁵¹
2200 4918 2246 4977 Μ

1374 4997 1486 5050 Monac.
1501 4995 1545 5049 89.
1571 5014 1618 5052 no.
1636 4997 1682 5054 Vl.
1706 5017 1732 5069 p.
1745 4997 1789 5051 47.
1813 5024 1849 5039 -

228 5070 317 5141 quae
339 5059 423 5116 sunt
447 5047 540 5137 apud
565 5044 817 5118 Reverendum
840 5046 1024 5119 Pastorem
1045 5046 1222 5119 Ecclesiae
1376 5062 1564 5135 incautione.
1906 5016 1924 5050 ¹²
1946 5006 2064 5068 utroque
2083 4995 2177 5052 ‘⁰³¹⁰‘
2194 4995 2248 5048 ‘⁸¹¹⁸

239 5243 487 5260 ψ
1278 5247 1480 5260 ..η-

262 5361 290 5429 2)
310 5361 422 5432 Eelipsis
441 5362 533 5414 Lunae
551 5363 578 5418 d.
597 5364 639 5417 22.
660 5362 749 5435 April.
1263 5418 1268 5428 ,
1311 5365 1341 5431 *l
1361 5362 1402 5421 lo.
1419 5362 1546 5436 Agricola
1560 5364 1613 5422 boc
1625 5363 1720 5419 dixisse
1732 5362 1877 5422 serebatur.

263 5456 291 5521 8)
310 5459 453 5515 defunctus
472 5471 512 5514 est
531 5461 557 5515 d.
577 5464 616 5518 10.
634 5454 710 5519 Maii.
1303 5462 1362 5532 ,¹¹¹*l
1382 5461 1427 5518 Cl.
1442 5482 1484 5536 ep.
1499 5464 1532 5518 ad
1548 5462 1712 5518 Wcllerrun
1726 5463 1752 5519 d.
1768 5468 1810 5521 17.
1823 5464 1907 5521 Mart.
1920 5464 1947 5521 h.
1960 5482 1984 5520 a·
