4882 6426
194 403 270 480 276

135 626 139 635 -
200 591 406 647 eventuram
417 567 453 667 *)
474 571 787 664 gubernationem,
813 570 904 641 sicut
928 570 1097 661 scriptum
1121 578 1190 636 est:

200 675 421 748 Commendo
437 674 514 747 Deo
529 678 623 745 riam
640 689 750 754 tuam,
775 687 808 743 et
824 673 898 764 ipse
912 673 1027 743 faciet.
1081 667 1192 744 1646.

704 786 893 882 Philippus
915 784 1141 860 Melanthon.

771 1155 845 1233 (hoo
860 1177 938 1217 auno
955 1171 1022 1218 ante
1040 1155 1193 1238 exilium.)

825 1248 1150 1288 -Λ

272 1529 296 1596 i·
322 1528 357 1579 Er
379 1526 542 1598 apographis
564 1526 590 1578 in
605 1525 668 1579 cod.
685 1524 796 1577 Monac.
810 1524 854 1577 88.
871 1523 923 1577 No.
939 1522 987 1575 lV.
1007 1539 1032 1589 p.
1048 1520 1105 1577 107.
1120 1532 1145 1574 et
1165 1521 1192 1574 iu

306 1596 368 1651 cod.
382 1597 494 1650 Monac.
510 1597 553 1648 90.
574 1595 696 1648 N0.vtt.
717 1613 744 1665 p.
759 1594 818 1648 876.

633 1747 755 1825 Ν.Ν.

200 1879 285 1961 Etsi
303 1889 341 1957 in
356 1883 424 1957 hoc
446 1889 537 1958 tristi
558 1903 715 1980 tempore
740 1888 779 1955 in
804 1885 998 1956 Germania
1018 1886 1090 1955 frui
1113 1885 1193 1954 lite-

200 2017 319 2063 rarum
345 1990 491 2075 studiis,
522 2005 563 2060 ut
583 1992 765 2081 cupimus,
799 2013 873 2056 non
901 2011 1104 2079 possumus,
1140 2001 1192 2055 ta-

200 2120 282 2163 men
306 2094 389 2186 quia
412 2117 489 2182 spes
513 2107 583 2176 est,
608 2117 792 2161 mansuras
817 2092 953 2182 aliquas
976 2090 1192 2180 respublicas

201 2196 372 2285 religione
389 2209 423 2264 et
438 2196 514 2287 ipre
534 2195 768 2276 consociatas,
794 2217 859 2261 nos
884 2192 1046 2261 ducimus
1060 2189 1093 2284 ¹)
1117 2216 1190 2258 non

199 2321 345 2392 prorsus
360 2296 593 2365 abiiciendam
609 2319 681 2365 esse
698 2319 817 2365 curam
834 2319 891 2371 eas
906 2308 998 2364 artes
1019 2293 1191 2378 discendi,

201 2425 291 2494 quae
307 2398 450 2468 virtutis
470 2398 669 2467 doctrinam
693 2397 897 2475 continent,
925 2410 961 2465 et
983 2398 1083 2465 nervi
1106 2409 1191 2464 suut

200 2497 377 2572 humanae
392 2500 577 2573 societatis.
627 2496 717 2570 Cum
733 2511 850 2568 autem
865 2499 969 2568 multi
995 2523 1036 2567 ex
1059 2498 1188 2566 uostris

199 2600 409 2674 hominibus
423 2602 644 2693 praedicent,
669 2626 705 2672 se
722 2617 756 2673 et
778 2602 816 2668 in
833 2598 950 2669 Gallia
977 2614 1011 2671 et
1032 2601 1071 2668 in
1087 2598 1188 2669 ltalia

200 2719 259 2776 tua
284 2704 445 2774 doctrina
470 2705 646 2796 praeclare
669 2729 742 2774 uon
764 2705 870 2770 modo
894 2704 937 2771 ad
964 2702 1051 2772 iuris
1074 2702 1188 2770 scieu-

179 2830 182 2837 ·
199 2809 284 2880 tiam
302 2809 362 2876 sed
379 2807 543 2875 etiamad
561 2801 775 2898 virtutem²)
795 2805 975 2874 institutos
997 2827 1088 2889 esse,
1112 2804 1189 2896 ple-

200 2910 303 3003 rique
320 2933 437 2977 amore
454 2908 508 2977 tui
527 2911 719 2985 admodum
736 2906 872 2976 accensi
890 2921 973 2975 sunt
986 2903 1042 2996 ³),
1067 2919 1100 2975 et
1121 2930 1190 2975 uo-

200 3026 308 3082 stram
326 3011 506 3080 nationem
521 3010 717 3103 plurimum
733 3009 798 3077 tibi
815 3005 981 3104 debere⁴)
996 3031 1190 3088 censemus,

200 3116 296 3207 quod
313 3113 481 3183 cultiores
496 3112 600 3182 nobis
615 3115 709 3180 cives
725 3110 887 3183 remittis.

302 3244 376 3314 Hac
392 3249 436 3314 de
451 3261 484 3315 te
501 3247 835 3316 commemoratione
853 3259 970 3315 motus
990 3241 1048 3314 hic
1070 3246 1190 3314 adole-

201 3371 322 3428 scens,
347 3342 560 3417 Ludooicus
580 3342 771 3417 Factisius
794 3346 974 3440 Lipsicus,
1005 3363 1109 3416 natus
1128 3373 1191 3438 pa-

202 3466 255 3520 tre
271 3449 534 3530 lureconsulto‚
561 3475 648 3519 ame
664 3452 807 3542 petivit,
831 3464 871 3520 ut
896 3451 964 3518 sibi
986 3451 1030 3517 ad
1054 3463 1087 3516 te
1110 3450 1191 3519 lite-

203 3577 260 3623 ras
284 3556 424 3635 darem,
457 3577 547 3646 quae
571 3554 706 3623 aditum
730 3555 761 3622 ei
786 3555 829 3622 ad
855 3566 889 3622 te
906 3551 1005 3645 quasi
1021 3552 1191 3640 pateface-

203 3670 294 3727 rent.
351 3652 428 3724 Etsi
452 3669 588 3741 autem,
621 3669 794 3749 quantum
818 3656 849 3723 ei
880 3680 956 3722 mea
989 3677 1091 3722 cansa
1126 3654 1192 3724 tri-

202 3761 310 3828 buere
327 3759 424 3841 velis,
453 3757 489 3824 in
504 3772 565 3827 tua
581 3753 799 3826 humanitate
812 3757 965 3847 positum
985 3772 1046 3835 est,
1057 3792 1060 3797 ·
1073 3768 1192 3824 tamen

205 3861 362 3929 intellexi
377 3884 417 3928 ex
430 3859 642 3952 quibusdam
658 3861 727 3928 tuis
738 3859 972 3942 auditoribus,
985 3871 1019 3927 te
1034 3872 1194 3926 amanter

203 3963 383 4032 interdum
407 3963 449 4030 de
465 3987 522 4030 me
538 3964 695 4031 locutum
713 3983 803 4040 esse,
829 3972 863 4029 et
875 3955 910 4053 ἦ)
934 3973 974 4028 nt
996 3955 1090 4029 hunc
1106 3961 1192 4027 ado-

203 4065 390 4133 lescentem
414 4065 657 4154 complectaris
683 4063 772 4134 aliae
802 4062 914 4130 iustae
946 4087 1069 4131 causae
1100 4076 1193 4140 sunt,

202 4189 292 4259 quae
308 4165 345 4232 in
361 4181 474 4234 vestro
492 4167 636 4249 ordine,
661 4166 723 4257 qui
743 4165 896 4233 iustitiae
917 4164 1031 4232 ollicia
1053 4189 1134 4232 vera
1160 4177 1194 4232 et

202 4269 301 4355 gravi
332 4268 468 4336 ratione
493 4269 656 4351 metitur,
697 4268 813 4335 valere
833 4267 1026 4357 plurimum
1053 4266 1193 4338 debent.

202 4367 500 4438 Honestissimum
528 4383 597 4448 est,
636 4392 699 4437 vos
721 4392 863 4450 omues,
905 4369 968 4459 qui
996 4369 1193 4437 doctrinam

204 4472 292 4541 iuris
307 4472 541 4561 profitemini,
566 4471 747 4539 communi
762 4463 904 4539 loedere
921 4470 1090 4538 intervos
1106 4494 1193 4538 con-

204 4573 344 4642 iunctos
368 4597 461 4654 esse,
495 4598 575 4641 cum
608 4575 714 4641 duces
747 4567 923 4641 humanae
955 4572 1131 4642 societatis
1160 4584 1194 4640 et

201 4676 363 4744 omnium
393 4675 553 4767 civilium
590 4674 787 4743 officiorum
823 4686 1076 4745 monstratores
1106 4673 1193 4741 sitis.

202 4774 371 4865 Magnam
396 4777 545 4845 omniuo
566 4776 792 4864 sapientiam,
830 4798 993 4864 magnam
1015 4776 1193 4857 virtutem,

198 4879 413 4961 bonitatem,
439 4876 728 4947 communionem
760 4878 857 4947 illius
889 4877 1026 4946 ordinis
1054 4900 1193 4946 necesse

208 5062 418 5086 -ff————-———-

233 5168 257 5228 'l
276 5166 465 5216 creaturam?
499 5163 623 5216 Fortasse
636 5168 803 5222 salutarem.

232 5254 260 5315 1)
281 5250 349 5303 (iod.
359 5250 484 5303 Mnaso.
494 5249 639 5302 mendose:
657 5255 805 5319 religiones
813 5261 839 5303 et
847 5254 995 5304 societates
1003 5265 1059 5299 nou
1066 5249 1195 5301 dicimus.

231 5337 260 5402 ί)
275 5336 343 5388 Cod.
358 5334 436 5385 Mon.
450 5333 492 5388 90.
510 5334 636 5388 virtutes.

232 5422 261 5490 8)
281 5420 350 5474 cod.
363 5418 443 5483 Mon.
458 5417 499 5471 90.
513 5435 619 5470 sumus.

230 5506 261 5569 4)
279 5504 379 5554 debere
392 5499 487 5553 excidit
502 5519 516 5552 e
530 5503 590 5554 cod.
604 5501 686 5557 Mon.
700 5502 742 5555 88.

231 5589 259 5653 5)
279 5584 347 5638 cod.
362 5582 441 5638 Mon.
454 5583 497 5640 90.
515 5594 612 5638 tamen
628 5605 679 5657 pro
691 5595 727 5640 et.

776 389 1217 472 EPlSTOLAliUM
1275 389 1383 469 ΜΒ.
1410 393 1457 471 Χ.
1508 392 1642 471 tots.

2160 388 2241 465 sto

1242 579 1294 636 est
1318 590 1410 653 esse,
1443 568 1499 637 cui
1523 568 1575 636 rei
1599 565 1761 637 omnium
1776 565 1947 657 optimae,
1973 564 2090 654 legum
2105 561 2237 633 videli-

1242 683 1307 754 cet,
1333 670 1491 740 custodia
1510 670 1753 739 commendata
1768 681 1829 740 est.
1883 666 1990 755 Quod
2009 668 2038 735 si
2053 667 2103 734 ita
2115 665 2238 753 sentis,

1243 786 1369 841 utnon
1385 774 1521 853 dubito,
1547 784 1680 863 patrem
1700 766 1805 840 huius
1819 771 2051 839 adolescentis
2065 769 2132 838 tibi
2148 794 2237 839 con-

1244 875 1503 942 iunctissimum
1519 899 1591 943 csse
1616 888 1757 947 statues.
1808 871 1898 942 Nam
1924 872 2086 960 iugenio,
2114 871 2239 941 erudi-

1243 976 1359 1057 tione,
1396 1002 1514 1046 rerum
1536 1000 1622 1060 usu,
1660 976 1813 1068 denique
1836 974 2006 1065 sapientia
2031 986 2064 1042 et
2088 974 2236 1044 scientia

1244 1079 1407 1168 politica,
1432 1093 1472 1149 ut
1488 1081 1645 1148 modeste
1661 1079 1704 1146 de
1729 1101 1770 1145 eo
1793 1076 1939 1167 loquar,
1964 1076 2100 1145 nemini
2123 1074 2236 1145 luris-

1244 1181 1488 1251 consultorum
1519 1182 1558 1248 in
1594 1178 1787 1249 Germania
1821 1179 1930 1264 cedit3
1967 1178 2102 1248 institia
2137 1203 2237 1264 vero,

1243 1282 1413 1371 gravitate
1428 1299 1461 1354 et
1477 1283 1720 1352 moderatione
1734 1280 1845 1350 animi
1861 1295 1957 1352 tanta
1976 1282 2156 1370 praeditus
2172 1294 2238 1362 est,

1243 1397 1284 1454 ut
1299 1381 1383 1454 huic
1397 1387 1578 1455 doctrinae
1595 1409 1631 1454 se
1647 1408 1722 1452 non
1735 1376 1891 1475 ‘propter
1915 1384 2034 1452 lorum
2058 1396 2119 1452 ant
2140 1383 2237 1454 uoti-

1244 1487 1343 1571 ciam,
1368 1512 1474 1579 quam
1488 1502 1529 1557 nt
1543 1511 1625 1555 suos
1641 1510 1757 1554 mores
1771 1487 1813 1555 ad
1832 1500 1961 1556 certam
1979 1485 2132 1554 iustitiae
2147 1510 2238 1555 nor·

1189 1676 1192 1687 ‚
1245 1614 1337 1657 mam
1362 1591 1548 1678 dirigeret,
1587 1589 1725 1657 dedisse
1751 1587 1924 1660 videatur.
1995 1585 2067 1656 Nec
2093 1587 2238 1673 dubito,

1246 1693 1349 1782 quin,
1384 1692 1413 1760 si
1439 1693 1502 1760 tibi
1526 1691 1748 1760 familiariter
1778 1703 1884 1759 notus
1919 1703 2027 1772 esset,
2061 1689 2238 1760 amicitiae
2274 1699 2280 1718 '

1246 1793 1337 1877 eius,
1363 1807 1509 1884 propter
1522 1793 1655 1881 ingenii
1674 1793 1784 1881 ipsius
1801 1791 2083 1880 magnitudinem
2106 1805 2140 1861 et
2162 1792 2239 1861 vir-

1246 1908 1360 1965 tutum
1384 1899 1489 1964 decus
1521 1918 1732 1984 magnopere
1762 1894 1985 1966 delectarere.
2044 1891 2144 1962 Talis
2167 1893 2241 1964 viri
2288 1932 2291 1939 ·

1246 1996 1356 2066 lilium
1382 1998 1447 2067 tibi
1473 2000 1759 2066 commendatum
1785 2020 1858 2077 non
1881 1995 2050 2085 gravatim
2075 1996 2239 2088 excipies,

1246 2101 1448 2188 praesertim
1466 2125 1545 2168 cnm
1564 2098 1767 2167 adolescens
1791 2099 1866 2187 ipse
1887 2098 1932 2167 sit
1955 2098 2239 2169 modestissimus

1244 2214 1278 2269 et
1293 2217 1418 2272 natura
1433 2205 1475 2272 ad
1493 2201 1659 2271 virtutem
1677 2201 1838 2269 idoneus.
1890 2197 2010 2287 Quare
2027 2213 2060 2269 te
2072 2223 2171 2289 rogo,
2197 2214 2240 2271 ut

1244 2327 1322 2371 cnm
1355 2318 1389 2373 et
1413 2318 1556 2395 propter
1579 2317 1712 2393 patrem
1740 2316 1775 2372 et
1793 2315 1937 2393 propter
1953 2302 2065 2392 ipsius
2078 2302 2239 2372 indolem

1244 2416 1380 2491 tueare,
1407 2421 1442 2476 et
1458 2407 1572 2475 studia
1598 2405 1672 2473 eius
1694 2405 1852 2476 adiuves.
1903 2401 1943 2472 ld
1968 2419 2001 2474 et
2023 2418 2083 2474 tua
2107 2399 2239 2474 huma-

1242 2507 1352 2578 nitate
1367 2509 1514 2598 dignum
1532 2509 1599 2576 erit
1616 2521 1648 2576 et
1664 2507 1756 2597 patri
1772 2505 2021 2596 gratissimum.

1662 2736 1724 2744 ..-

1256 2855 1322 2929 Νο.
1341 2856 1453 2930 8611.

1249 2957 1461 2989 m

1755 2922 1760 2929 ,
1817 2865 1891 2945 (hoo
1902 2887 1980 2926 auno
1998 2877 2065 2925 ente
2080 2861 2239 2944 exilium.)

1864 2958 2198 2994 m

1671 3059 1727 3143 N.
1758 3059 1816 3143 N.
1882 3075 1884 3081 ’

1312 3242 1332 3304 †
1351 3237 1387 3289 Ex
1401 3239 1561 3309 apographis
1577 3239 1604 3291 in
1618 3242 1680 3293 cod.
1696 3241 1808 3295 Monac.
1820 3204 1863 3293 88.
1885 3240 1936 3294 Νο.
1952 3237 2000 3292 lV.
2019 3257 2045 3307 p.
2063 3234 2148 3298 1031).
2167 3244 2196 3292 ct
2209 3234 2239 3291 itt

1344 3310 1406 3361 cod.
1421 3308 1533 3364 Monac.
1547 3309 1590 3362 90.
1611 3309 1662 3364 Νο.
1672 3309 1733 3364 Vll.
1756 3329 1782 3381 p.
1795 3309 1855 3364 374.

1669 3465 1805 3543 Ν.Ν.

1244 3590 1346 3687 lilasi,
1372 3618 1548 3673 comante
1566 3603 1853 3696 aliquotmenses
1876 3602 2145 3680 intellexissem,
2171 3600 2249 3670 mi-'

1245 3720 1426 3793 gratorum
1448 3731 1519 3775 esse
1536 3707 1651 3774 virum
1666 3720 1902 3796 praestantem
1926 3704 2090 3796 ingenio,
2115 3703 2239 3774 erudi-

1246 3809 1342 3876 tione
1358 3822 1391 3878 et
1414 3810 1562 3893 virtute,
1590 3803 1801 3892 Alaricum,
1830 3809 2016 3894 dolebam,
2051 3831 2091 3876 ex
2116 3821 2238 3878 nostra

1246 3907 1433 3979 Academia
1453 3924 1589 3980 tautum
1606 3925 1855 3980 ornamentum
1871 3913 1998 3994 avelli,
2022 3922 2141 3978 tamen
2158 3933 2240 3978 eum

1246 4036 1285 4080 cx
1304 4009 1360 4081 his
1377 4013 1526 4081 miseriis
1543 4012 1680 4097 dimisi,
1705 4027 1737 4081 et
1756 4013 1910 4082 reditum
1935 4012 2003 4104 ipsi
2025 4013 2063 4081 in
2087 4012 2239 4102 patriam

1246 4115 1528 4206 tranquilliorem
1547 4114 1633 4184 etin
1650 4138 1723 4182 eam
1744 4117 1889 4198 urbem,
1916 4139 2005 4207 quae
2021 4138 2117 4184 nunc
2132 4114 2240 4183 unica

1246 4229 1298 4284 est
1320 4217 1358 4283 iu
1381 4212 1574 4286 Germania
1599 4217 1781 4286 doctrinae
1801 4217 2043 4300 domicilium,
2068 4214 2241 4305 gratulor,

1246 4343 1285 4386 ac
1308 4331 1410 4405 opto,
1444 4331 1540 4388 utet
1570 4320 1827 4390 cousuetudine
1853 4342 1999 4389 suorum
2031 4317 2241 4387 suavissime

1245 4419 1538 4514 foelicissimeque
1554 4422 1713 4505 fruatur,
1743 4436 1777 4491 et
1799 4422 1914 4490 studia
1937 4421 2240 4510 doctrinae-apud

1245 4546 1308 4589 vos
1326 4537 1430 4592 oruet
1454 4536 1486 4591 et
1510 4524 1663 4596 adiuvet.
1714 4521 1806 4593 Cum
1828 4536 1946 4592 autem
1969 4520 2052 4591 hinc
2074 4521 2242 4591 abiturus

1246 4636 1351 4707 esset,
1379 4647 1477 4692 suam
1495 4647 1573 4714 erga
1590 4638 1623 4694 te
1638 4627 1857 4694 voluntatem
1879 4626 1967 4693 meis
1990 4624 2102 4693 literis
2123 4624 2241 4713 signi-

1246 4726 1343 4793 hcari
1356 4725 1420 4795 tibi
1440 4727 1570 4810 voluit,
1596 4741 1636 4817 ut
1652 4728 1884 4816 iutelligeres,
1911 4752 1991 4795 eum
2016 4740 2097 4796 tuae
2112 4725 2242 4794 amici·
2283 4719 2291 4732 ’

1246 4827 1314 4897 tiae
1337 4828 1506 4917 cupidum
1531 4851 1614 4900 esse.
1675 4828 1747 4898 Nec
1775 4854 1859 4898 vero
1890 4829 2115 4912 dubitabam,
2147 4828 2241 4921 quin

1245 4930 1432 5021 utriusque
1457 4930 1587 5014 virtus,
1621 4943 1654 4999 et
1680 4930 1892 5001 iudiciorum
1922 4934 1965 5000 de
1995 4931 2102 4999 rebus
2131 4930 2243 5000 bouis

1246 5032 1430 5100 consensio
1460 5031 1565 5100 etiam
1595 5033 1672 5101 sine
1701 5035 1788 5102 meis
1819 5034 1931 5103 literis
1957 5027 2243 5129 coniunctum¹)

1246 5133 1628 5225 uultumqueamorem
1647 5136 1815 5206 intervos
1836 5135 2028 5206 excitatura
2050 5146 2156 5220 esset,
2184 5146 2245 5205 ta-

1247 5258 1328 5302 men
1353 5236 1428 5303 eius
1450 5238 1625 5306 voluntati
1649 5239 1917 5326 gratificandum
1949 5237 2052 5320 duxi,
2089 5236 2119 5305 si
2148 5237 2245 5309 meis

1247 5333 1359 5406 literis
1377 5339 1432 5405 vel
1449 5332 1517 5408 hoc
1531 5363 1644 5407 uuum
1666 5339 1900 5424 tribueretur,
1926 5353 1966 5409 ut
1987 5339 2124 5431 primus
2152 5363 2244 5409 cou-

1283 5591 1310 5653 l)
1329 5589 1384 5642 Pro
1397 5592 1593 5661 coniunctum,
1613 5593 1664 5647 cod
1693 5593 1771 5662 Mon.
1785 5593 1829 5650 90.
1844 5593 1937 5651 habeti
1957 5610 2006 5648 vos
2021 5592 2215 5662 confirmaret.
