4882 6426
209 292 286 368 949

220 492 223 497 ·
253 450 399 529 Micia.
424 450 783 550 Maienbargio,
820 454 966 529 consuli
988 451 1161 534 Nartha-

653 582 759 644 sano,

208 683 256 779 S.
272 700 317 779 D.
351 701 580 796 lutegerrime
595 705 661 787 vir,
687 718 721 775 et
734 705 847 776 amice
864 699 1077 778 charissime.
1114 703 1205 776 Cum

208 799 290 876 heri
308 807 514 898 accepissem
539 807 722 897 epistolam
738 819 909 890 vestram,
935 831 1041 899 quam
1058 807 1097 876 in
1113 804 1208 879 Sali-

209 906 267 976 nis
302 908 508 1000 scripsistis,
542 903 648 976 hodie
676 909 809 977 advos
836 908 1008 978 nuncium
1034 909 1206 978 missurus

210 1029 325 1095 eram,
347 1011 406 1080 sed
423 1033 528 1078 mane
545 1010 750 1079 tabellarius
767 1021 882 1077 vester
896 1009 1005 1080 venit.
1043 1007 1206 1079 Primum

210 1122 326 1179 autem
341 1134 404 1180 oro
421 1107 558 1194 Deum,
580 1124 621 1180 ut
639 1106 726 1179 haec
741 1110 887 1178 consilia
906 1112 1089 1198 gubernet.
1140 1109 1206 1182 Se-

209 1213 327 1279 cundo
351 1234 413 1279 vos
429 1207 617 1296 adhortor,
644 1225 685 1283 ut
700 1210 776 1281 sitis
792 1211 912 1280 animo
927 1211 1143 1304 tranquillo,
1171 1226 1205 1281 et

208 1312 462 1381 commendetis
475 1309 552 1382 Deo
579 1312 692 1382 exitus
712 1307 841 1382 horum
865 1312 1123 1407 periculorum,
1150 1313 1205 1381 vi-

208 1411 338 1484 debitis
353 1414 453 1483 brevi
468 1433 616 1502 magnos
630 1427 748 1483 motus
762 1413 801 1480 in
816 1412 924 1482 altera
939 1426 1037 1504 parte
1053 1411 1204 1483 Germa-

208 1513 289 1582 niae
309 1513 396 1585 iore.
455 1511 579 1584 Tertio
601 1517 753 1599 suadeo,
779 1536 825 1582 ne
847 1537 910 1583 vos
931 1513 1203 1605 proficiscamini

206 1610 423 1704 Augustam:
457 1616 519 1683 sed
544 1614 734 1685 mittantur
753 1614 832 1697 alii,
861 1615 957 1685 iuxta
980 1615 1124 1685 tertium
1147 1615 1202 1684 vel

206 1729 371 1809 quartum
395 1717 540 1785 modum
559 1707 616 1810 ¹¹⁵),
654 1729 695 1786 ut
717 1714 841 1806 scripsi
864 1715 902 1782 in
927 1715 1084 1805 paginis,
1116 1740 1203 1810 quas

206 1817 330 1886 addidi
350 1812 435 1886 huic
449 1816 629 1906 epistolae.
680 1814 826 1886 Tertius
841 1818 988 1896 modus,
1020 1818 1152 1909 dequo
1169 1829 1202 1887 et

204 1915 265 1988 hic
279 1917 444 1986 collocuti
459 1939 590 2001 sumus,
608 1912 702 1985 nihil
716 1912 823 1987 habet
834 1917 993 2007 periculi.
1026 1913 1074 1987 Et
1087 1942 1202 2012 quan·
1269 1978 1277 1993 ,

206 2041 313 2114 quam
336 2016 535 2108 Imperator
555 2016 712 2108 postulat
736 2018 865 2089 certius
887 2040 1114 2110 responsum3
1147 2033 1202 2088 ta-

204 2144 289 2190 men
318 2119 493 2198 arbitror,
525 2142 606 2189 eum
635 2130 841 2188 contentum
864 2120 941 2188 lore
965 2115 1031 2189 hac
1053 2143 1199 2211 respon-

203 2219 314 2294 sione.
380 2217 517 2289 Vellem
545 2230 661 2288 autem
691 2220 812 2307 urgeri
845 2215 915 2291 hoc
943 2234 1200 2309 argumentum,

204 2323 300 2417 quod
324 2344 399 2389 non
421 2319 467 2390 sit
486 2319 645 2388 facienda
667 2319 817 2389 mutatio
839 2321 879 2388 in
899 2334 1013 2391 vestra
1029 2318 1200 2408 Ecclesia,

203 2425 317 2494 donec
331 2421 392 2491 alii
410 2419 447 2488 in
463 2415 520 2489 his
534 2417 758 2508 Regionibus
776 2421 912 2491 nullam
931 2422 1066 2494 faciunt
1081 2437 1200 2494 muta·

201 2524 348 2595 tionem.
393 2519 490 2591 Haec
505 2520 629 2610 scripsi
645 2521 823 2611 copiosius
839 2522 878 2591 in
893 2523 1031 2613 paginis
1044 2524 1199 2613 signatis,

203 2648 291 2722 quas
309 2622 444 2696 addidi.
495 2618 593 2690 Rene
608 2620 734 2696 valete.
785 2619 932 2717 Die22.
951 2622 1057 2698 lunii.

415 2729 421 2739 ¹
563 2756 574 2775 ⁸
944 2734 1145 2834 Philippus.

199 3067 397 3201 Q.

1055 3073 1195 3197 Q.

395 3248 598 3364 Cruoiger
612 3247 674 3333 ad
690 3245 1000 3348 Scholasticas.
1010 3328 1019 3349 „

267 3411 374 3484 Serapa
388 3409 581 3496 plantate.
593 3408 673 3464 vva.
691 3409 727 3465 r.
739 3407 760 3464 1.
779 3430 806 3481 p.
820 3409 908 3466 stas.
1014 3378 1028 3461 ἰ

196 3559 332 3636 Rector
362 3555 583 3632 Academiae
615 3528 1192 3730 ’WtcbbCasparustrm

580 3683 725 3755 etgar,
794 3708 805 3733 .
1085 3714 1088 3729 .

196 3795 246 3886 ln
260 3810 328 3883 hoc
343 3811 449 3895 festo,
473 3810 514 3879 in
527 3834 598 3904 quo
613 3805 771 3881 Ecclesia
787 3810 911 3882 recitat
928 3807 1113 3882 historiam
1130 3809 1190 3883 lo·

197 3912 326 3985 hannis
338 3911 535 4004 Baptistae,
565 3927 700 3983 mentes
720 3912 881 3983 omnium
894 3915 1036 4005 piorum
1050 3914 1189 3985 assidua

198 4015 411 4105 cogitatione
433 4013 589 4084 intentae
614 4035 687 4083 esse
707 4015 839 4086 debent
862 4014 901 4083 in
918 4016 1188 4107 patefactionem

787 287 1224 369 EPISTOLARUM
1272 298 1471 395 LlB.XI.
1525 304 1657 391 1548.

2060 325 2251 406 ,950

1257 462 1324 539 hac
1353 485 1458 541 nocte
1483 466 1654 546 honestus
1684 492 1718 550 et
1740 482 1864 556 doctus
1884 479 2078 561 Iohannes
2098 485 2253 565 Raban-

1258 576 1362 656 trast,
1379 570 1555 666 Cygncus,
1578 579 1622 646 ad
1638 580 1756 667 funus,
1780 589 1876 679 quod
1892 586 2050 662 bethara
2070 595 2139 680 ta,
2165 620 2252 666 con-

1257 673 1378 741 venire
1395 670 1621 748 scholasticos
1638 681 1739 769 pium
1759 701 1829 775 est,
1855 702 1889 760 et
1905 703 1945 762 ut
1962 696 2175 767 conveniant
2192 721 2252 768 eos

1255 768 1452 851 hortamur.
1503 777 1565 851 24.
1580 776 1665 850 Iulii
1680 775 1729 879 *).

1258 990 2243 1031 Μ

1270 1128 1336 1203 Νο.
1353 1131 1482 1209 4270.

1261 1225 1473 1298 Q
2082 1251 2247 1290 Μ

1607 1320 1659 1409 G.
1687 1326 1901 1416 Fabricio

1356 1471 1441 1543 epar.
1459 1472 1509 1530 tu.
1521 1473 1558 1536 v,
1576 1495 1604 1549 p.
1616 1477 1668 1532 sss
1680 1496 1721 1551 tq.

1253 1617 1457 1724 Georgia
1497 1627 1752 1725 Fabricio,
1803 1640 2031 1736 gubernanti
2067 1644 2247 1727 Scbalam

1628 1734 1869 1818 libanensem.

1250 1863 1362 1947 Nihil
1376 1878 1482 1968 fingo.
1514 1877 1615 1951 Adeo
1630 1899 1750 1956 amant
1767 1887 1949 1978 ingenium
1966 1908 2086 1984 tuum,
2112 1913 2146 1972 et
2165 1914 2247 1975 ortt-

1251 1979 1359 2047 tronis
1375 1983 1579 2066 sanitatem,
1607 1985 1714 2054 etiam
1727 1987 1807 2068 alii,
1834 1993 1896 2083 qui
1912 1995 2069 2068 iudicare
2087 2019 2244 2091 possunt,

1249 2091 1308 2163 ut,
1346 2103 1428 2149 cum
1459 2082 1612 2172 legerem
1639 2089 1735 2177 apud
1760 2092 1893 2162 amicos
1918 2108 2017 2166 tuam
2050 2103 2245 2192 epistolam,

1249 2193 1427 2250 certamen
1449 2185 1493 2252 de
1515 2207 1554 2252 ea
1578 2200 1667 2257 esset
1690 2186 2028 2266 interMarcellam
2045 2211 2081 2270 et
2099 2200 2244 2293 Vitam,

1249 2304 1329 2349 cum
1356 2293 1504 2377 uterque
1532 2308 1608 2354 eam
1635 2289 1705 2358 sibi
1730 2292 1858 2361 donari
1885 2311 2036 2391 peteret,
2072 2317 2244 2399 tanquam

1247 2374 1447 2474 κειμήλιον.
1498 2383 1595 2455 Scito
1617 2402 1752 2475 autem,
1784 2395 2022 2481 gratissimum
2045 2401 2136 2473 mihi
2158 2429 2243 2492 esse,

1247 2485 1344 2573 quod
1367 2498 1401 2554 et
1424 2508 1526 2575 saepe
1547 2489 1672 2558 scribis
1695 2493 1738 2559 ad
1760 2515 1845 2578 nos,
1870 2509 1905 2566 et
1925 2494 2016 2571 hanc
2033 2505 2137 2573 nobis
2154 2509 2242 2577 assi·

1247 2584 1418 2654 duitatem
1432 2587 1598 2678 deinceps
1612 2592 1808 2679 promittis,
1834 2619 1903 2690 qua
1917 2600 2055 2671 utinam
2070 2606 2143 2674 frui
2158 2632 2244 2699 pos·

1246 2684 1368 2759 simus.
1424 2683 1592 2758 Amicitia
1624 2705 1717 2762 certe
1749 2708 1891 2769 aeterna
1916 2700 2002 2787 erit,
2036 2704 2242 2803 ubicunque

1246 2784 1388 2856 erimus.
1440 2786 1511 2858 Sed
1528 2784 1613 2859 haec
1627 2792 1728 2863 brevi
1744 2817 1875 2873 coram.

1347 2903 1431 2975 Non
1458 2907 1679 3001 displicuisse
1703 2912 1771 2984 tibi
1793 2909 1914 2988 Eberi
1931 2918 2129 2996 Historiam
2154 2951 2259 3020 gaus

1244 3004 1323 3074 deo.
1374 3005 1485 3078 Volui
1510 3010 1614 3081 initio
1636 3024 1775 3084 tantum
1799 3015 1922 3092 breves
1934 3026 2081 3096 tabellas
2097 3029 2173 3116 edi,
2199 3046 2240 3103 ut

1243 3106 1283 3174 in
1306 3121 1495 3197 conspectu
1508 3107 1648 3204 Regum
1665 3115 1772 3185 series
1791 3133 1899 3208 esset,
1923 3149 2029 3218 quam
2046 3127 2135 3199 scire
2149 3130 2239 3203 utile

1244 3220 1296 3277 est
1324 3231 1466 3294 omnes,
1499 3212 1563 3304 qui
1592 3231 1822 3290 monumenta
1850 3247 1947 3294 sacra
1971 3227 2107 3317 legunt.
2168 3230 2241 3304 Sed

1242 3301 1390 3377 Paulas
1419 3334 1485 3402 pro
1518 3334 1580 3382 sua
1609 3314 1820 3391 liberalitate
1849 3324 1985 3418 aliquid
2009 3325 2240 3427 ἐπεμέτρησε.

1241 3405 1290 3479 Et
1314 3410 1472 3481 fortassis
1497 3411 1696 3486 invitantur
1721 3420 1852 3492 talibus
1873 3426 2057 3500 laboribus
2078 3431 2237 3506 iuniores

1242 3509 1288 3576 ad
1310 3509 1467 3600 integrae
1490 3506 1659 3584 historiae
1681 3531 1716 3588 et
1730 3520 1881 3594 a'liarum
1896 3551 2016 3599 rerum
2031 3531 2237 3625 inquisitio·¹
2318 3530 2321 3534 ’

1240 3632 1335 3684 nem.
1386 3608 1490 3681 Talia
1514 3613 1626 3684 multa
1651 3615 1709 3686 edi
1732 3641 1817 3691 curo
1840 3625 2045 3702 invitandae
2067 3647 2102 3705 et
2116 3658 2237 3708 ersus

1240 3710 1401 3781 citandae
1416 3712 1672 3786 adolescentiae
1688 3741 1802 3791 causa.

1339 3819 1487 3898 Libelli
1514 3821 1671 3924 Pbysici
1699 3834 1835 3926 priores
1867 3821 1974 3914 etiam
1998 3859 2079 3937 post
2103 3873 2233 3941 paucos

1238 3927 1315 3998 dies
1336 3923 1621 4045 prodibunt'**).
1679 3932 1779 4006 Bene
1802 3939 1891 4017 vale.
1951 3941 2019 4015 Die
2042 3945 2232 4041 Baptistae,

1239 4029 1338 4099 cuius
1361 4033 1608 4105 recordatione
1625 4036 1833 4128 confirmor,
1860 4056 1902 4114 ut
1917 4045 1962 4116 de
1978 4070 2056 4119 mea
2073 4051 2146 4122 vita
2162 4053 2233 4123 mi-

196 4117 397 4185 mitandam
417 4114 506 4199 Dei,
536 4114 575 4183 in
599 4139 668 4208 qua
690 4128 851 4186 aeternus
871 4129 989 4207 pater,
1014 4117 1129 4198 filius,
1154 4132 1190 4190 et
1237 4153 1305 4199 nus
1330 4132 1502 4205 sollicitus
1518 4134 1602 4223 sim,
1628 4149 1663 4209 et
1677 4160 1832 4232 sperem,
1857 4139 1935 4216 Deo
1952 4171 2058 4221 curae
2072 4149 2232 4227 loreEc·

196 4214 352 4307 Spiritus
370 4228 512 4286 sanctus
533 4215 664 4286 illustri
687 4216 891 4286 discrimine
912 4219 1090 4309 conspecti
1105 4231 1189 4289 sunt

138 4400 140 4403 ι
196 4340 272 4386 non
292 4315 407 4384 solum
433 4338 453 4384 a
475 4310 655 4399 lohanne,
696 4319 756 4385 sed
779 4318 885 4386 etiam
910 4343 930 4388 a
951 4317 1067 4388 Maria
1088 4332 1121 4388 et
1143 4322 1187 4389 ab

195 4417 419 4488 auditoribus
436 4410 624 4498 Iohannis,
653 4428 688 4485 et
708 4418 839 4504 gratiae
859 4421 1011 4508 agendae
1027 4432 1128 4503 sunt,
1154 4433 1189 4490 et

196 4518 417 4604 accendenda
437 4528 489 4585 est
510 4516 596 4584 fides
616 4528 650 4585 et
672 4516 860 4590 invocatio.
919 4519 1012 4590 Sunt
1036 4533 1071 4590 et
1092 4520 1188 4609 cogi-

196 4621 302 4689 tanda
327 4617 509 4688 doctrinae
526 4611 696 4685 lobannis
717 4619 831 4709 capita
849 4621 989 4703 omnia,
1012 4635 1047 4692 et
1064 4621 1187 4705 exitus,

195 4733 237 4790 ut
258 4718 471 4789 testimoniis
490 4731 524 4788 et
548 4716 651 4787 dictis
666 4713 836 4787 lohannis
851 4743 916 4788 nos
929 4721 1187 4809 confirmemus,

195 4834 232 4890 et
245 4820 404 4909 exemplo
419 4841 486 4889 nos
504 4820 549 4888 ad
566 4819 821 4890 confessionem
838 4821 1081 4896 exuscitemus.
1113 4821 1186 4894 Nec

187 4944 253 4992 eas
270 4919 498 5010 cogitationes
520 4918 667 5010 impedit
681 4919 815 4989 funeris
831 4921 1027 4992 ceremonia
1035 4947 1049 5010 3·
1069 4924 1131 4992 sed
1148 4925 1187 4992 in

192 5017 261 5092 hac
282 5021 357 5111 ipsa
379 5019 551 5091 decausis
568 5018 691 5090 mortis
707 5033 741 5092 et
756 5020 1002 5094 instauratoris
1017 5024 1186 5095 beneficio

194 5119 446 5216 ἐντενὲστερον
476 5120 679 5210 cogitemus.
737 5119 830 5192 Cum
848 5137 974 5205 ,autem
999 5125 1186 5196 decesserit

223 5426 248 5493 ⁹)
266 5425 284 5479 i.
298 5444 322 5480 e.
337 5422 447 5480 tertium
460 5423 501 5478 vel
514 5434 641 5496 quartum
652 5424 784 5482 iudicium
797 5424 830 5481 de
843 5424 914 5481 libro
927 5425 1058 5481 Interim.

1237 4232 1362 4303 clesiae
1377 4256 1460 4306 suae
1476 4235 1605 4312 studia.

1251 4453 2232 4489 ------------..--...-,.....,,

1236 4590 1302 4665 Νο.
1315 4588 1429 4667 4271.

1242 4688 1416 4719 m

2083 4622 2143 4686 24.
2159 4612 2227 4687 lad.

2066 4710 2227 4749 ων*

1381 4803 1613 4890 Testimort
1631 4806 1901 4925 Engelba'rto
1917 4812 2083 4906 aarum.

1304 4964 1329 5038 †
1344 4964 1383 5019 Ex
1400 4966 1557 5040 apographo
1576 4970 1606 5023 in
1618 4971 1681 5028 cod.
1692 4971 1804 5031 Monac.
1815 4976 1861 5033 88.
1879 4941 1926 5031 no·
1938 4973 1985 5030 lli.
2003 4995 2031 5050 p.
2043 4977 2113 5038 aab.
2125 4987 2153 5037 et
2163 4981 2226 5040 cod.

1338 5034 1452 5094 Monac.
1467 5034 1510 5091 9⁰.
1528 5055 1575 5094 no.
1591 5036 1652 5096 Vll.
1669 5056 1698 5112 p.
1710 5039 1774 5095 849.

1267 5270 1296 5335 ¹)
1314 5242 1385 5324 icelii
1394 5269 1517 5345 sphalma
1531 5283 1639 5348 typogr.
1654 5295 1708 5349 pro
1718 5277 1810 5349 lunt,
1826 5291 1859 5337 ut
1868 5292 2062 5355 argumentum
2076 5285 2170 5346 docet.

1336 5354 1602 5481 ilbssii'hbib'l‘m
1622 5363 1688 5422 Met
1707 5365 1810 5441 prodiit
1830 5385 1867 5426 n.
1888 5369 1953 5451 Oct.
1972 5371 2050 5430 1549.
2099 5376 2161 5432 Vid.
2181 5397 2223 5452 ep.

1411 5494 1505 5568 60⁸
