4882 6436
205 334 280 411 527

210 498 427 576 crudelitatis
437 493 530 566 fieri!
558 489 719 562 Primum
737 487 832 555 enim
848 487 1077 558 causamvide
1089 499 1123 555 et
1138 485 1200 577 qui

208 603 396 698 praecipue
419 610 583 690 petantur
604 589 672 662 hoe
696 590 803 661 bello.
854 587 976 681 Neque
1011 589 1106 656 enim
1132 583 1200 656 hoc

209 704 397 798 praecipue
417 699 549 788 agitur,
581 709 622 765 ut
639 688 678 760 hi
700 690 877 781 principes
899 691 1104 768 deleantur,
1139 688 1201 781 qui

211 821 246 877 et
264 804 472 894 cognatione
494 812 528 867 et
550 796 629 865 aliis
644 791 796 861 vinculis
814 791 1016 863 arctissimis
1034 805 1148 860 tecum
1167 802 1202 858 et

212 932 292 979 cum
314 906 393 974 aliis
408 898 628 992 principibus
651 892 833 990 coniuncti
850 905 952 976 sunt,
986 894 1046 959 sed
1068 891 1200 959 bellum

212 1008 315 1079 nobis
333 1002 474 1095 proprie
500 999 667 1079 infertur,
698 990 766 1062 hoc
783 1007 851 1077 est,
883 993 1021 1061 miseris
1040 993 1203 1060 sacerdo-

212 1112 328 1190 tibus,
366 1103 428 1196 qui
453 1115 536 1170 sunt
559 1099 732 1178 inermes,
769 1107 803 1162 et
827 1092 962 1162 miseris
985 1091 1203 1162 mulierculis

212 1208 344 1280 horum
360 1203 531 1272 uxoribus
546 1212 581 1267 et
596 1196 724 1265 nostris
746 1194 879 1266 liberis.
929 1193 1011 1262 Non
1028 1193 1123 1262 enim
1140 1193 1203 1261 ob-

215 1331 358 1382 scurum
376 1318 444 1389 est,
465 1300 642 1391 principes
660 1297 698 1363 in
713 1318 848 1364 summa
865 1295 975 1382 gratia
991 1296 1085 1385 apud
1101 1307 1133 1362 te
1148 1294 1206 1361 fu-

214 1430 315 1483 turos
336 1429 425 1487 esse,
455 1403 484 1469 si
506 1423 572 1468 nos
586 1400 761 1467 cedamus.
812 1394 884 1463 Nec
904 1396 1051 1463 veniunt
1075 1396 1113 1462 in
1132 1394 1205 1461 dis-

216 1509 364 1581 crimina
389 1516 530 1595 propter
551 1500 662 1567 ullam
683 1520 822 1565 causam
842 1495 948 1562 aliam
971 1496 1041 1563 nisi
1063 1506 1206 1585 propter

216 1588 396 1705 quoddam
411 1606 509 1695 pium
529 1613 562 1668 et
577 1595 774 1668 humanum
791 1596 957 1679 officium,
979 1599 1073 1687 quod
1091 1619 1205 1686 neque

216 1709 458 1784 crudelitatem
473 1702 585 1773 ullam
599 1701 637 1766 in
649 1697 875 1766 nosexereeri
888 1696 966 1786 ipsi,
990 1719 1104 1788 neque
1120 1696 1207 1764 alie-

216 1836 283 1883 nae
308 1807 472 1878 saeuitiae
497 1801 700 1870 mactandas
732 1821 797 1865 nos
829 1797 981 1897 obiicere
1007 1798 1205 1865 voluerunt.

217 1913 319 2001 Quae
341 1921 392 1978 est
412 1906 520 1995 igitur
534 1904 598 1969 ista
618 1898 819 1980 iracundia,
850 1921 946 1965 arma
962 1899 1128 1966 adversus
1143 1919 1206 1963 nos

217 2035 374 2088 sumere,
400 2032 418 2077 a
438 2004 566 2098 quibus
582 2001 732 2093 quilibet
743 1998 823 2066 irati
842 1999 989 2066 victores
1003 1999 1136 2088 alioqui
1151 2022 1207 2064 ca-

216 2117 287 2208 ptis
302 2108 501 2181 civitatibus
513 2105 582 2172 iam
598 2098 799 2170 abstinent?
824 2095 994 2189 Autquae
1008 2111 1120 2186 potest
1136 2121 1208 2164 esse

218 2219 296 2286 laus
310 2208 447 2297 magnis
472 2218 505 2272 et
518 2202 670 2272 sortibus
691 2201 796 2287 digna
814 2197 921 2279 viris,
945 2199 1037 2266 ferro
1057 2199 1207 2265 inermes

219 2313 434 2391 sacerdotes,
456 2303 649 2373 imbecillas
664 2299 888 2369 mulierculas
904 2322 942 2365 ac
956 2322 1082 2387 pueros
1100 2299 1208 2367 truci·

217 2413 344 2484 ¹dasse?
369 2408 508 2479 De'inde
524 2405 621 2483 vide,
655 2423 783 2492 quaeso
802 2395 1017 2492 imperator²
1047 2424 1110 2488 pro
1128 2399 1208 2491 qui-

218 2519 287 2586 bus
299 2534 393 2582 anna
409 2511 519 2590 feras,
540 2526 690 2597 quarum
707 2524 826 2570 rerum
844 2500 1002 2568 defensio
1019 2514 1140 2568 nostro
1152 2500 1209 2566 in-

219 2616 347 2692 teritu,
374 2622 492 2678 nostra
508 2607 612 2675 caede
626 2599 832 2694 quaeratur!
861 2597 1067 2686 Flagitiosas
1086 2600 1210 2668 libidi-

219 2740 283 2809 qes
297 2735 377 2783 suas
391 2733 466 2777 non
481 2702 772 2785 defendisolum,
805 2702 865 2769 sed
882 2701 986 2769 etiam
1010 2701 1207 2769 confirmari

220 2833 254 2888 et
268 2813 388 2903 augeri
404 2824 462 2879 tua
473 2801 816 2891 auctoritateimpuri
831 2802 1012 2891 pontifices
1020 2803 1210 2892 postulant.

219 2918 421 3005 Utrumque
441 2922 556 2978 autem
580 2919 613 2974 et
633 2918 692 2973 tua
714 2901 899 2986 felicitate,
930 2916 966 2970 et
981 2902 1161 2971 sanctitate
1177 2915 1210 2970 et

218 3015 389 3110 pudicitia
405 3026 464 3081 tua
478 3008 667 3096 indignum
683 3016 751 3088 est,
781 3003 957 3072 trucidare
974 3003 1144 3087 inermes,
1177 3015 1211 3071 et

221 3117 427 3191 crudelitate
447 3112 599 3180 aliorum
622 3104 791 3174 libidines
812 3104 999 3171 defendere
1023 3117 1056 3172 et
1079 3103 1209 3173 contir-

219 3243 326 3288 mare.
378 3213 498 3303 Neque
524 3209 620 3276 enim
636 3205 723 3274 belli
739 3227 841 3273 eausa
864 3205 936 3273 ulla
954 3205 1022 3272 alia
1046 3205 1116 3271 dici
1130 3217 1213 3293 pot-¹

221 3334 283 3397 est,
305 3337 411 3409 quam
428 3310 524 3403 quod
539 3303 580 3375 bi
592 3304 923 3373 miserimaluerunt
937 3327 1008 3371 esse
1024 3305 1107 3372 casti
1124 3329 1209 3371 con-

221 3423 338 3508 iuges,
377 3435 482 3505 quam
508 3405 633 3475 incasti
660 3404 820 3472 coelibes.
869 3402 975 3509 Nulla
998 3428 1081 3472 vero
1106 3417 1211 3488 aetas,

219 3521 320 3590 arolla
340 3510 537 3604 respublica
558 3506 626 3577 fuit
646 3528 805 3598 unquam
822 3515 894 3573 tam
917 3504 1061 3573 inimica
1086 3506 1212 3574 coniu-

195 3623 299 3712 2'gio,
323 3630 364 3687 ut
380 3614 514 3683 bellum
530 3607 638 3679 simili
653 3608 697 3675 de
712 3628 813 3676 causa
827 3605 997 3690 moverit,
1028 3618 1091 3675 aut
1104 3607 1212 3674 armis

222 3721 329 3793 autri
344 3713 547 3803 coniugium
562 3702 826 3801 prohibendum
843 3729 915 3775 esse
931 3707 1083 3781 duxerit.
1107 3706 1211 3778 Nunc

221 3827 260 3893 in
277 3818 456 3892 eeclesiam
474 3811 662 3901 suscipitur
677 3832 769 3876 nova
789 3801 876 3875 baec
890 3816 925 3876 et
946 3804 1113 3878 inusitata
1130 3834 1212 3877 cru-

118 3995 121 4001 .
221 3925 364 4004 delitas‚
397 3942 478 3987 cum
498 3913 535 3980 in
558 3910 703 3980 ecclesia
727 3908 857 3977 debent
873 3908 1023 3976 maxime
1045 3909 1211 3979 excellere

221 4023 363 4095 dilectio
386 4030 419 4087 et
444 4009 703 4083 misericordia!
740 4007 939 4099 etquidem
962 4008 1152 4099 suscipitur
1168 4012 1213 4079 ad

202 4100 461 4197 ¹defendendas
481 4114 669 4201 flagitiosas
688 4109 873 4192 libidines,
905 4132 985 4177 eum
1009 4109 1047 4176 in
1070 4111 1212 4181 ecclesia

221 4223 426 4314 coniugium
440 4228 623 4304 tantopere
638 4210 858 4303 praedicetur
872 4222 904 4279 et
912 4209 991 4299 vagi
1006 4211 1213 4283 concubitus

220 4320 488 4422 prohibeantur.
1149 4411 1158 4427 .

184 4492 193 4505 ,,
324 4425 394 4496 Sed
410 4442 547 4509 causam
565 4415 736 4503 allegant,
769 4434 848 4480 cum
869 4411 934 4481 tibi
951 4425 1110 4481 auctores
1130 4425 1211 4492 sant,

221 4553 317 4599 arma
333 4526 500 4594 adversus
516 4541 580 4589 nos
595 4513 774 4596 sumendi,
800 4514 896 4605 quod
908 4512 1066 4603 ipsorum
1082 4515 1214 4583 consti·

222 4625 421 4701 tutionibus
444 4646 516 4690 non
539 4639 740 4710 pareamus,
773 4636 862 4704 quae
885 4614 1088 4702 coniugium
1109 4615 1213 4682 nobis

222 4727 451 4802 interdicunt.
500 4719 578 4790 Etsi
593 4713 679 4786 baec
695 4737 769 4783 non
787 4727 838 4783 est
854 4738 974 4793 causa,
1000 4738 1063 4781 cur
1077 4737 1142 4782 nos
1156 4715 1213 4783 in-

222 4829 332 4902 terfici
357 4824 522 4914 cupiunt,
559 4820 617 4888 sed
634 4817 763 4886 scelere
782 4829 886 4907 atque
909 4816 992 4884 odio
1016 4829 1214 4900 moventur,

222 4936 306 5028 quia
322 4920 578 4999 suaslibidines
591 4911 800 5007 reprebendi
817 4916 957 5001 nolunt,
977 4929 1212 5011 tamenpauea

223 5037 378 5105 dicemus
396 5029 439 5096 ele
457 5023 528 5091 illis
547 5017 867 5090 constitutionibus.

322 5132 478 5210 Scimus,
503 5140 554 5208 te,
580 5117 795 5189 sanctissime
816 5115 1030 5208 Imperator,
1055 5133 1212 5188 nontam

222 5232 491 5309 corrstitutiones
506 5226 663 5314 ipsorum
680 5244 784 5312 quam
795 5219 1035 5287 auctoritatem
1051 5221 1213 5289 ecclesiae

222 5337 409 5408 defendere
426 5350 562 5418 cupere.
611 5320 731 5402 Hanc,
757 5336 796 5388 ut
812 5324 926 5403 decet,
954 5333 987 5387 et
1002 5322 1141 5388 uroximi
1161 5323 1212 5390 fa-

222 5443 272 5514 cis
294 5439 387 5529 ipse,
420 5444 454 5498 et
476 5441 675 5497 reverenter
698 5423 742 5491 ab
768 5421 932 5491 onutibus
958 5423 1121 5510 gentibus
1143 5423 1211 5492 coli

792 305 1229 391 aersronaauu
1278 307 1465 391 mnu
1519 304 1655 390 1547.
1721 404 1723 411 .

2080 391 2083 397 .
2169 313 2251 388 628

1253 483 1419 576 postulas.
1479 481 1587 572 Quod
1609 507 1688 554 cum
1710 485 1759 555 ita
1782 483 1844 565 sit,
1875 486 2098 555 obsecramus
2120 496 2174 568 te,
2206 503 2251 557 ut

1253 586 1390 665 videas,
1425 610 1515 677 quae
1536 586 1582 655 sit
1604 610 1686 655 vera
1708 587 1871 655 eeclesiae
1895 586 2095 657 atrctoritas.
2153 585 2250 657 Nam

1253 682 1320 757 hae
1333 686 1615 772 constitutiones,
1639 711 1726 780 quas
1741 711 1837 756 nunc
1853 688 2016 774 allegant,
2038 710 2113 755 non
2130 689 2248 758 solum

1254 811 1367 856 novae
1388 803 1471 857 sunt
1495 802 1529 857 et
1550 788 1689 875 ignotae
1712 790 1824 858 veteri
1844 788 2024 871 ecclesiae,
2058 790 2118 856 sed
2140 791 2248 859 etiam

1255 890 1440 958 damnatae
1456 889 1658 958 clarissimis
1674 889 1858 959 sententiis
1870 902 1946 957 tum
1961 888 2156 979 scripturae
2171 904 2249 960 tum

1254 990 1381 1059 veteris
1394 990 1568 1064 ecclesiae.
1618 988 2003 1084 PostquamPontifrces
2015 990 2149 1058 abiecta
2164 1016 2248 1064 cura

1255 1086 2248 1182 religionistantumconcupisceredominationem‚post·

1257 1215 1362 1285 quam
1385 1192 1605 1282 belligerari,
1646 1215 1726 1263 cum
1751 1193 1891 1281 regibus
1914 1204 1949 1261 et
1972 1191 2250 1283 imperatoribus

1258 1306 1467 1382 coeperunt,
1500 1293 1552 1361 ibi
1573 1289 1659 1361 haec
1680 1294 1736 1362 lex
1757 1306 1840 1362 nata
1862 1305 1932 1372 est,
1969 1317 2060 1384 quae
2081 1291 2251 1384 prohibet

1258 1392 1440 1482 coniugia,
1480 1394 1564 1486 quia
1585 1395 1771 1463 videbatur
1795 1407 1875 1482 apta
1895 1394 2144 1464 dominationi.
2200 1393 2251 1466 Et

1259 1494 1341 1586 quia
1356 1494 1558 1583 pontifices,
1591 1494 1751 1585 occupati
1771 1494 1850 1562 aliis
1870 1494 1995 1573 rebus,
2029 1519 2160 1564 munus
2181 1499 2250 1565 do-

1259 1596 1448 1664 cendarum
1465 1594 1687 1663 ecclesiarum
1702 1595 1953 1685 permittebant
1968 1591 2148 1664 monachis
2164 1622 2250 1666 cum

1260 1695 1321 1763 alii
1343 1719 1479 1764 errores
1503 1695 1607 1783 multi
1631 1696 1669 1762 in
1692 1695 1872 1765 eeclesiam
1894 1695 2127 1786 irrepserunt,
2167 1713 2247 1767 tum

1260 1795 1363 1863 ctiam
1387 1791 1473 1865 haec
1494 1796 1569 1885 ipsa
1591 1796 1769 1886 persuasio
1796 1797 1971 1880 devotis,
2002 1821 2088 1888 quae
2113 1811 2146 1866 et
2168 1798 2248 1888 ipsa

1260 1895 1394 1986 profuit
1427 1892 1610 1965 monachis
1643 1899 1686 1964 ad
1710 1897 1954 1966 auctoritatem
1988 1897 2252 1968 stabiliendam.

1257 1995 1379 2082 *Quare
1404 2021 1498 2065 nunc
1521 1997 1688 2065 iniuriam
1715 1998 1851 2066 faciunt
1876 1996 2040 2066 ecclesiae
2056 1999 2252 2088 pontifices,

1260 2119 1338 2164 cum
1355 2091 1418 2164 has
1434 2098 1525 2185 leges
1540 2099 1583 2165 de
1598 2098 1773 2167 coelibatu
1787 2098 1867 2165 ideo
1882 2099 2098 2188 propugnari
2115 2099 2252 2184 iubent,

1261 2209 1300 2263 ut
1313 2197 1477 2266 ecelesiae
1492 2199 1701 2267 defendatur
1718 2198 1916 2268 auctoritas.
1967 2196 2057 2267 Nam
2076 2193 2142 2266 bas
2158 2199 2252 2289 leges

1261 2298 1404 2389 tyranni
1419 2312 1452 2366 ct
1468 2292 1585 2367 hostes
1601 2299 1763 2367 ecclesiae
1778 2299 2025 2373 condiderunt.
2058 2297 2141 2368 Non
2154 2302 2253 2369 enim

1262 2399 1403 2467 ecclesia
1427 2421 1484 2466 eas
1505 2399 1597 2487 leges
1626 2400 1695 2468 sibi
1714 2400 1824 2468 tribui
1846 2400 1942 2479 vult,
1983 2424 2072 2492 quac
2091 2415 2253 2491 pugnant

1262 2521 1342 2568 eum
1365 2499 1495 2567 divinis
1517 2501 1709 2590 praeceptis
1731 2514 1867 2569 etcum
1887 2491 2071 2569 univbrsae
2088 2503 2254 2571 ecclesiae

1262 2600 1422 2671 decretis.
1470 2597 1646 2692 Praecipit
1663 2603 1756 2670 enim
1772 2602 1965 2693 scriptura,
1986 2615 2026 2670 ut
2039 2602 2117 2671 Deo
2132 2604 2252 2693 potius

1263 2724 1367 2793 quam
1387 2693 1593 2770 hominibus
1615 2703 1906 2792 obtemperemus.
1958 2701 2070 2771 Porro
2089 2699 2252 2773 Christus

1262 2802 1390 2871 diserte
1404 2802 1522 2881 docet,
1554 2804 1731 2871 neminem
1745 2805 1820 2871 sine
1836 2803 2003 2893 peculiari
2021 2805 2117 2872 dono
2139 2805 2255 2874 coele·

1263 2901 1309 2970 sti
1330 2901 1368 2968 in
1393 2900 1568 2970 coelibatu
1589 2927 1677 2992 pure
1693 2904 1811 2973 vivere
1834 2927 1952 2994 posse,
1984 2917 2019 2973 et
2043 2904 2159 2987 iubet,
2194 2929 2254 2974 eos

1262 3002 1316 3072 uti
1331 3001 1514 3089 coniugio,
1546 3004 1608 3093 qui
1630 3007 1674 3072 ad
1698 3007 1909 3074 coelibatum
1927 3029 2000 3072 non
2023 3019 2107 3073 sunt
2122 3006 2254 3079 idonci.

1264 3101 1362 3189 Quid
1381 3102 1489 3191 igitur
1504 3104 1634 3172 faciant
1648 3100 1706 3184 hi.
1732 3106 1861 3197 quibus
1876 3105 1913 3172 id
1930 3108 2064 3174 donum
2079 3130 2153 3174 non
2167 3131 2255 3175 eon-

1263 3203 1387 3291 tingit,
1419 3204 1482 3294 qui
1497 3192 1615 3273 e'rrore
1637 3207 1818 3276 autetiam
1835 3206 1985 3296 pervim
2006 3205 2044 3273 in
2062 3202 2146 3277 haec
2161 3208 2254 3277 vitae

1263 3326 1390 3390 genera
1415 3304 1547 3373 detrusi
1571 3319 1672 3390 sunt,
1711 3331 1800 3400 quae
1825 3307 2037 3376 coelibatum
2070 3307 2255 3397 flagitant?

1263 3402 1393 3473 Utrum
1407 3406 1516 3474 satius
1530 3420 1598 3492 est,
1622 3404 1688 3475 hos
1706 3422 1798 3477 caste
1814 3408 1852 3476 in
1871 3409 2034 3496 coniugio
2049 3409 2188 3494 vivere,
2207 3433 2254 3479 an

1265 3517 1298 3573 et
1312 3528 1384 3573 sese
1400 3518 1435 3574 et
1456 3507 1655 3576 universam
1678 3509 1855 3578 ecclesiam
1876 3509 2019 3577 nefariis
2040 3509 2253 3580 libidinibus

1264 3607 1447 3696 polluere?
1482 3606 1564 3675 Non
1587 3622 1640 3678 est
1660 3609 1735 3694 lex,
1768 3612 1829 3678 sed
1856 3610 1928 3700 ipsa
1951 3611 2131 3703 tyrannis,
2165 3636 2254 3704 quae

1265 3720 1317 3776 tot
1336 3708 1464 3776 scelera
1487 3708 1593 3778 simul
1614 3710 1726 3800 parit,
1758 3710 1929 3800 opprimit
1949 3711 2108 3780 divinam
2129 3713 2254 3800 legem,

1265 3809 1514 3876 conscientiam
1537 3812 1753 3882 contaminat
1784 3811 1996 3899 gravissimis
2017 3814 2187 3903 peccatis,
2220 3827 2254 3883 et

1265 3910 1309 3977 ad
1325 3910 1625 4000 desperationem,
1657 3906 1724 3981 hoc
1744 3926 1811 3995 est,
1844 3913 1889 3980 ad
1906 3936 1991 4003 perp
2013 3928 2110 3982 tuam
2126 3915 2254 4006 impie-

1265 4023 1370 4078 tatem
1388 4025 1421 4079 et
1435 4012 1480 4078 ad
1503 4013 1648 4081 exitium
1669 4013 1796 4099 adigit,
1830 4028 1973 4103 postren
1986 4046 2007 4083 a
2023 4015 2205 4084 ecclesiam
2220 4030 2254 4086 et

1266 4123 1375 4180 totam
1397 4135 1515 4180 rerum
1541 4126 1703 4180 naturam
1727 4113 1867 4203 polluit.
1917 4112 2030 4185 Punit
2047 4117 2144 4185 enim
2160 4114 2256 4186 Deus

1266 4211 1434 4280 libidines
1452 4235 1522 4280 non
1538 4213 1652 4281 solum
1674 4214 1712 4281 in
1727 4215 1810 4304 ipsis
1831 4215 2034 4285 auctoribus
2049 4219 2111 4298 sed
2126 4218 2167 4286 in
2180 4231 2253 4287 toto

1182 4356 1186 4361 -
1267 4336 1392 4402 genere
1416 4308 1591 4398 bumano,
1617 4313 1652 4380 id
1672 4317 1765 4406 quod
1787 4311 1932 4385 historia
1947 4317 2075 4385 diluvii
2092 4331 2127 4387 et
2140 4317 2254 4390 Sodo-

1265 4437 1406 4483 morum
1429 4426 1464 4481 et
1480 4414 1645 4507 pleraque
1661 4417 1729 4485 alia
1746 4417 1904 4506 exempla
1927 4431 2111 4490 testantur.
2151 4418 2254 4490 *Cum

1267 4515 1376 4603 igitur
1404 4510 1489 4583 haec
1522 4516 1577 4584 lex
1610 4517 1655 4584 sit
1675 4541 1757 4585 vere
1780 4518 1942 4586 ecclesiae
1969 4532 2051 4588 tuae
2081 4517 2254 4618 [contraria.

1266 4623 1369 4696 rides,
1422 4620 1545 4701 Caesar,
1595 4625 1678 4706 quod
1707 4628 1749 4703 ii,
1804 4631 1858 4707 qui
1891 4647 1946 4706 pro
1979 4649 2014 4687 ee
2052 4631 2167 4691 tuenda
2203 4652 2255 4691 su·
2303 4664 2307 4671 ,

1267 4709 1369 4811 munt]
1387 4709 1423 4812 *)
1444 4742 1561 4802 arma,
1590 4742 1664 4786 non
1689 4719 1851 4787 ecclesiae
1874 4716 2117 4801 auctoritatem
2134 4727 2256 4794 defen-

1267 4821 1375 4900 dunt,
1407 4821 1467 4887 sed
1494 4818 1700 4909 pontificum
1725 4820 1895 4890 iniustam·
1913 4825 2160 4915 tyrannidem,
2192 4827 2256 4919 qui

1267 4921 1422 5012 primurn
1440 4943 1538 4989 suam
1561 4921 1859 5005 dominationem,
1889 4924 2018 4994 deinde
2036 4940 2071 4996 et
2087 4927 2258 4996 libidines

1268 5033 1388 5090 nostra
1423 5023 1526 5089 caede
1561 5022 1761 5090 confirmari
1784 5025 1974 5112 postulant.
2034 5025 2145 5097 Vides
2170 5030 2257 5098 belli

1268 5145 1421 5206 causam3
1446 5121 1590 5211 insuper
1605 5137 1639 5193 et
1655 5123 1783 5216 quibus
1799 5149 1895 5195 arma
1910 5126 2110 5214 retinentur,
2130 5152 2257 5223 nempe

1270 5290 1497 5303 Μ

1301 5385 1329 5461 *)
1346 5383 1536 5465 Praetermissa
1550 5398 1588 5465 est
1601 5387 1633 5440 ab
1647 5403 1690 5459 eo,
1708 5387 1754 5457 qui
1768 5385 1917 5461 descripsit,
1933 5389 2040 5452 lineola.
2063 5409 2146 5464 quarn
2159 5392 2200 5449 sie
2211 5400 2256 5447 ut·

1335 5473 1444 5526 cunque
1457 5465 1572 5512 restatut.
