4882 6426
195 358 271 437 667
769 342 1198 429 EPISTOLARUM

1249 348 1357 425 tut
1384 352 1457 427 X.=
1481 352 1631 430 tw·-
2156 359 2239 439 008

294 522 349 599 De
369 521 435 595 hac
456 521 660 618 quaestione
682 520 733 591 sic
757 518 974 610 respondeo:
1007 516 1047 589 si
1068 514 1186 587 mani-
1235 522 1345 595 ullius
1359 524 1499 615 imperii
1515 536 1652 615 tempus
1668 537 1738 595 tam
1755 524 1838 593 felir
1851 538 1923 610 est,
1954 525 2043 617 quin
2067 530 2235 603 umetis

198 634 284 701 testa
306 624 467 721 tyrannis
482 637 551 703 est,
575 637 710 697 utrum
725 618 1109 715 ¹imponunturtributa,
1124 629 1187 691 aut
1238 625 1342 694 rebus
1359 626 1491 695 multae
1507 647 1654 714 magnae
1669 625 1882 696 calamitates
1899 626 2120 697 misceantur.
2223 640 2226 645 '

197 752 303 821 opera
318 726 349 824 ⁴)
366 727 441 796 sine
457 725 658 799 necestitate
670 722 832 814 publica,
857 735 892 792 et
907 721 983 791 sine
997 718 1121 791 modo:
1146 731 1188 791 ut

198 826 338 901 Pharao
355 827 557 919 imponebat
572 823 749 908 Israelitis,
770 835 884 899 autut
896 820 1090 915 Dionysius
1105 842 1189 911 spo-

200 922 310 1000 liab'a't
331 940 509 999 matronas
534 940 683 1011 ornatu,
707 936 768 994 aut
785 936 829 994 nt
847 923 886 994 tu
899 924 938 991 in
955 921 1077 992 multis
1091 920 1189 1006 locis,

201 1029 346 1101 Nobiles
361 1041 491 1118 cogunt
505 1023 538 1122 ⁸)
562 1027 723 1097 subditos
736 1024 805 1094 sibi
821 1046 929 1114 parvo
946 1025 1097 1092 vendere
1112 1022 1189 1092 fru-

199 1144 371 1213 mentum,
397 1140 554 1221 coquunt
567 1128 696 1196 malam
710 1124 927 1208 cerevisiam,
949 1137 983 1192 et
996 1117 1190 1215 prohibent

200 1231 306 1301 aliam
328 1229 399 1299 emi
421 1253 441 1297 a
457 1227 623 1298 subditis:
648 1240 683 1297 et
699 1220 904 1295 huiusmodi
920 1247 1028 1294 onera
1042 1222 1141 1292 varia
1156 1235 1191 1292 et

200 1331 313 1402 multa
333 1342 433 1410 sunt,
457 1352 545 1420 quae
567 1340 601 1398 et
621 1327 698 1396 sine
716 1327 823 1395 modo
845 1338 880 1395 et
895 1325 972 1395 sine
987 1322 1191 1395 necessitate

200 1431 341 1525 publica
357 1429 601 1520 imponuntur.
1012 1456 1015 1461 ·

300 1528 397 1599 llaec
425 1528 609 1611 manifesta
640 1540 675 1597 et
707 1526 837 1596 iniusta
863 1524 1014 1614 aucupia
1038 1522 1190 1594 taxanda

199 1646 297 1713 suut,
324 1653 413 1723 quae
434 1622 568 1699 babent
584 1627 858 1697 excusationem:
889 1639 929 1695 ut
946 1649 1028 1695 cum
1044 1636 1191 1715 propter

199 1730 411 1803 calamitates
433 1730 569 1822 aliquas
593 1728 676 1796 fisco
699 1727 948 1817 opitulandum
970 1738 1033 1797 est.
1084 1721 1128 1793 ln
1147 1746 1189 1793 eo

200 1855 283 1902 casu
312 1853 387 1901 nun
416 1842 469 1900 est
490 1823 801 1920 reprehendendus
827 1827 1069 1916 magistratus,
1096 1845 1191 1893 nova

1337 723 1434 796 Haec
1452 723 1496 795 D.
1510 719 1697 817 Philippus
1713 727 1757 795 ad
1776 725 1898 796 Vitum
1913 723 2144 799 Theodorum
2162 753 2232 823 po·

1340 827 1462 919 stridie
1476 824 1622 898 Caleucl.
1639 825 1876 917 Septembris,
1895 825 2004 896 Anno
2021 825 2130 904 1547.
2143 830 2232 901 seri-

1342 929 1457 1001 bebat.
1507 929 1622 1012 (Godd.
1637 930 1705 1039 (iol.
1720 931 1878 997 Nousmdr.
1896 930 2022 1012 1547.)

1253 1254 1322 1325 No.
1338 1222 1460 1333 4002.¹

2079 1277 2114 1339 2.
2133 1264 2221 1353 Sept.

1249 1350 1460 1390 Μ
1570 1421 1668 1508 Nic.
1699 1424 1911 1512 Medlero.
1981 1406 1986 1417 ¹

1245 1634 1250 1645 .
1310 1584 1411 1641 Denzii
1424 1604 1485 1708 epp.
1498 1585 1532 1640 ad
1548 1585 1664 1667 Medler.
1679 1602 1723 1656 ep.
1736 1584 1781 1640 72,
1795 1585 1885 1643 teod.
1896 1586 1964 1647 Bet·
1975 1589 2032 1661 tp.
2044 1589 2129 1659 1⁰17,
2145 1609 2162 1645 e
2175 1608 2237 1664 qno

1347 1672 1422 1711 nune
1454 1673 1528 1710 enus
1546 1654 1679 1726 descripte
1693 1664 1743 1708 est.
2206 1698 2211 1711 ,

1379 1805 1472 1885 Dm.
1494 1805 1605 1882 Doet.
1631 1804 1837 1881 Nicoluo
1861 1805 2092 1885 Medlero.

100 1926 104 1933 ’
198 1933 332 2005 tributa
355 1929 548 2000 mediocria
566 1928 740 2021 indicens,
789 1923 838 1997 Et
852 1928 933 1997 volo
951 1924 1103 2013 intelligi
1115 1946 1191 1992 me·
1241 1934 1286 2025 s
1307 1950 1351 2025 D·
1391 1952 1601 2025 Reverend,
1617 1954 1690 2039 vir,
1715 1968 1749 2025 οἱ
1767 1954 2109 2059 ,micecafisgpmeq
2156 1957 2272 2031 Eup¹

198 2031 332 2102 diocria
353 2028 392 2100 ἐν
410 2022 546 2101 πλάτει.
597 2025 666 2097 Hic
682 2026 842 2097 minister
859 2020 1044 2115 Evangelii
1058 2027 1192 2108 doceat,
1243 2078 1303 2146 sp,
1325 2053 1591 2125 instaurationi,
1616 2056 1815 2137 academia,
1844 2053 1914 2128 huc
1940 2060 2083 2146 ,temp
2110 2013 2239 2143 'pam

197 2132 339 2223 politiae
361 2153 441 2209 uon¹
455 2129 619 2200 similiter
642 2129 782 2197 llorere:
816 2128 923 2195 aliam
947 2150 1020 2195 esse
1043 2137 1190 2194 aetatem
1243 2179 1320 2223 eam
1343 2155 1475 2225 multae
1495 2177 1641 2246 magnae
1657 2180 1712 2227 re,
1728 2156 1941 2250 impediunt,
1989 2158 2059 2232 sed
2074 2158 2154 2233 Deo
2169 2184 2238 2232 ,ιω

116 2286 120 2293 -
199 2255 362 2317 auream,
384 2230 490 2299 allam
506 2231 672 2299 sermm
705 2229 907 2298 “flumem
928 2224 1099 2344 P³Jfl³¹3¹¹¹
1114 2222 1191 2293 fied
1243 2256 1539 2331 commendemus.
1596 2251 1673 2345 Ego
1694 2249 1856 2327 nondum
1878 2274 2008 2331 certam
2030 2265 2150 2333 sedem
2170 2256 2239 2333 ha-

199 2333 379 2402 duriotem
401 2342 544 2421 propiet
564 2342 720 2419 Ρθῦῑθῑὸῐ
754 2343 794 2399 ut
808 2329 874 2398 ⁵¹¹¹)
888 2325 1025 2398 D²¹V¹d‘
1039 2324 1192 2413 ⁰¹·s³¹⁰'
1245 2356 1310 2426 beo
1339 2368 1374 2426 et
1403 2357 1559 2441 fortassis
1587 2370 1781 2429 conventus
1812 2357 2042 2450 Augustanus
2073 2358 2239 2435 excitabit

199 2455 304 2502 moue
327 2431 463 2499 felicior
482 2443 590 2499 status
607 2428 693 2512 fuit,
719 2453 825 2521 quarn
838 2430 904 2498 sub
921 2423 1038 2496 Achas
1052 2420 1094 2521 ⁶).
1143 2421 1193 2495 Et
1244 2438 1376 2548 ubp'qu,
1406 2459 1541 2527 maiora
1569 2458 1674 2531 bella·

200 2557 302 2622 saepe
323 2530 379 2613 fit,
405 2543 445 2599 ut
468 2530 506 2597 in
528 2530 724 2599 tristissima
750 2543 905 2619 tempora
927 2528 1087 2597 incidant
1105 2524 1193 2595 bont

200 2633 440 2720 magistratust
471 2630 552 2723 quia
568 2627 664 2699 Deus
687 2642 774 2699 tunc
795 2630 995 2720 aliquorum
1018 2629 1193 2696 bonorum

158 2736 161 2741 ’
200 2731 443 2800 moderatione
474 2731 687 2799 calamitates
716 2731 828 2799 lenire
861 2728 951 2797 vult:
999 2740 1039 2797 ut
1064 2725 1194 2795 Hiere-

86 2840 89 2845 '
199 2833 288 2902 tuias
305 2827 335 2923 ⁷)
355 2828 448 2900 tristi
463 2842 620 2919 tempore
636 2830 716 2901 biit.

301 2928 452 3001 Talibus
482 2943 600 3001 autem
629 2931 690 3024 qui
723 2941 807 2999 sunt
826 2926 987 3022 tyranni,
1019 2926 1132 2997 multa
1154 2924 1194 2991 in

202 3028 456 3122 gubernatione
473 3031 669 3101 condonari
688 3030 780 3099 volo.
823 3027 921 3117 Quid
940 3041 1056 3099 autem
1071 3040 1194 3121 tyran-

200 3156 289 3202 num
302 3145 365 3203 ant
378 3132 512 3202 bonum
527 3132 723 3223 principem
737 3130 974 3215 nominemus,
993 3152 1094 3219 saepe
1108 3126 1194 3197 alias

202 3235 338 3305 dictum
356 3244 419 3301 est.
469 3292 472 3299 .

304 3330 496 3424 Tyrannus
522 3345 592 3414 est,
628 3329 690 3422 qui
717 3325 823 3398 habet
848 3329 1005 3399 studium
1030 3327 1194 3396 scelerate

200 3431 370 3502 faciendi:
397 3443 431 3500 et
445 3431 642 3522 plerunque
656 3430 819 3499 scelerate
832 3430 926 3514 lacit,
945 3427 1079 3498 etiarnsi
1093 3449 1195 3519 saepe

201 3535 293 3603 iusta
312 3530 397 3601 facit
411 3526 452 3626 ⁸).

299 3630 422 3701 Bonus
438 3632 602 3723 princeps
617 3644 688 3715 est,
715 3629 777 3724 qui
793 3625 899 3701 habet
914 3630 1069 3701 studium
1085 3621 1116 3723 ⁰)
1137 3650 1195 3695 re-

202 3747 256 3802 cte
270 3732 434 3816 faciendi,
455 3745 489 3803 et
503 3732 700 3825 plerunque
714 3744 808 3801 recte
820 3731 921 3801 lacit:
949 3729 1085 3800 etiamsi
1097 3727 1195 3797 mul·

201 3847 278 3902 tum
300 3847 335 3903 et
358 3855 459 3924 saepe
477 3848 600 3924 peccet
624 3856 699 3900 non
721 3832 932 3923 petulantia,
957 3830 1091 3900 sedvel
1105 3842 1195 3898 tem·

200 3958 329 4021 porum
348 3934 519 4017 miseriis,
544 3933 601 4002 vel
615 3932 797 4003 communi
812 3931 1053 4001 imbecillitate
1069 3928 1195 4001 rictus.

200 4031 249 4104 Et
271 4028 330 4102 hic
352 4054 400 4109 eo·
416 4034 628 4118 meliorest,
653 4033 684 4102 si
700 4026 896 4126 hospitium
912 4032 1056 4123 praebet
1072 4026 1196 4100 Eccle-

201 4135 275 4205 siae
286 4130 367 4207 Dei.
551 4136 556 4147 “
892 4138 896 4149 ’
1054 4144 1057 4149 “
1099 4132 1103 4139 ’

299 4230 397 4304 Deus
435 4231 549 4324 pingit
564 4229 608 4326 ¹⁰)
640 4230 829 4324 imperium
862 4229 948 4326 Cyri
981 4240 1195 4320 argenteum,

200 4334 295 4427 quod
329 4348 447 4405 tamen
480 4329 689 4404 horribilem
718 4333 949 4404 vastationem
975 4334 1013 4401 in
1038 4329 1139 4401 Ionia
1161 4344 1196 4401 et

200 4434 286 4505 alibi
314 4431 413 4504 lecit:
451 4449 493 4504 ut
522 4459 563 4503 ex
591 4433 707 4525 primo
729 4434 823 4503 libro
849 4432 1026 4505 Herodoti
1044 4430 1196 4520 intelligi

198 4547 324 4627 potest.
374 4530 424 4605 Et
445 4548 524 4625 post
538 4531 671 4627 Cyrum
693 4536 803 4604 secuti
818 4530 902 4605 sunt
916 4534 1027 4605 multo
1043 4532 1195 4604 deterio-

200 4658 256 4705 res
271 4634 466 4727 principes,
487 4630 687 4729 Cambyses,
709 4630 856 4720 Darius,
873 4633 1090 4707 Artaxerxes.
1121 4630 1196 4701 Nec

230 4893 262 4953 st
281 4891 343 4948 Pet.
355 4908 461 4957 ouem
488 4895 551 4951 eod.
563 4893 677 4949 Monac.
695 4910 807 4959 operm.

234 4979 265 5044 6)
283 4976 439 5049 Adscriptit
453 4975 488 5035 G.
502 4974 698 5032 Bucbboltzer:
724 4988 773 5045 „ut
784 4978 831 5031 ute
843 4994 936 5031 comes
950 4973 1197 5049 Selrtoertsturg.'’

236 5064 270 5134 6)
287 5065 351 5119 Per.
365 5063 460 5118 Hetr’e.

237 5147 266 5216 ⁷)
285 5145 375 5203 Manl,
390 5154 417 5201 et
430 5145 492 5203 cod,
505 5144 616 5200 Monac.
634 5142 774 5198 Ieeonr’cn.
931 5212 936 5219 ¹

239 5229 268 5290 8)
285 5226 349 5282 Pes.
365 5227 481 5280 ettamsi
494 5227 637 5279 interdum
650 5224 897 5293 tutelensem

239 5311 267 5379 9)
275 5309 356 5431 alippn
368 5311 472 5362 όοηιιηι
488 5310 612 5362 studium
620 5328 628 5371 ;
651 5306 716 5364 cod.
730 5306 812 5362 Goth.
827 5309 868 5363 19.
880 5314 1056 5379 propomam
1072 5327 1123 5365 seu
1136 5320 1198 5366 stu·

243 5460 287 5529 to)
307 5458 370 5514 Pes·
385 5475 435 5529 pro
450 5456 528 5510 Deus
537 5458 629 5524 pangit
640 5455 720 5514 babet
731 5457 806 5515 Fue.

1733 2457 1817 2529 Sive
1845 2475 1961 2531 autem
1986 2458 2044 2533 hic
2072 2464 2239 2550 manebo,

1245 2556 1318 2639 sive
1338 2556 1534 2642 discedam,
1558 2552 1749 2629 habebitur
1764 2559 1854 2630 ratio
1877 2556 2101 2650 ll'ernheri,
2130 2587 2238 2657 quun

1245 2658 1400 2747 primum
1423 2659 1559 2727 occasio
1581 2659 1648 2728 erit
1669 2660 1877 2731 consulendi
1898 2662 1944 2732 ei.
1995 2663 2086 2734 Nam
2106 2687 2236 2735 nomen

1245 2758 1321 2826 eius
1334 2758 1428 2828 dabo
1444 2773 1477 2827 et
1494 2749 1708 2852 Crucigero,
1730 2785 1835 2853 quem
1850 2763 1922 2832 scio
1937 2764 1976 2832 in
1992 2764 2157 2835 iuvandis
2171 2766 2239 2836 bn·

1246 2858 1301 2926 nis
1316 2858 1403 2928 viris
1419 2858 1614 2929 officiosum
1628 2882 1712 2931 esse.
1752 2860 1966 2957 Ubicunque
1980 2860 2014 2963 ²)
2033 2880 2152 2938 autem
2165 2890 2237 2949 ero,

1246 2981 1364 3027 veram
1377 2957 1445 3028 Dei
1460 2960 1720 3030 invocationem
1737 2976 1769 3032 et
1786 2965 1997 3035 sententiam
2014 2969 2059 3036 de
2074 2966 2237 3039 doctrine

1247 3060 1396 3128 eandem
1411 3059 1668 3143 circumferam,
1696 3087 1800 3156 quarn
1816 3057 1985 3136 hactenus
1999 3067 2158 3139 studiose
2173 3069 2239 3139 dn·

1245 3160 1303 3229 cui
1326 3172 1360 3229 et
1380 3171 1453 3230 toto
1476 3174 1615 3251 pectore
1639 3164 1744 3232 credo
1767 3187 1887 3232 veram
1908 3189 1993 3240 esse.
2041 3166 2148 3239 Nunc
2163 3168 2238 3239 dia-

1245 3259 1391 3329 lecticen
1424 3264 1574 3346 recudo,
1613 3276 1648 3334 et
1677 3286 1779 3353 spero
1806 3266 2088 3338 lucubrationem
2115 3269 2237 3341 utilem

1247 3359 1412 3431 studiosis
1423 3362 1511 3437 lore,
1562 3360 1659 3433 Bene
1674 3365 1761 3439 vale.
1813 3366 1847 3438 2.
1863 3364 2035 3457 Septbcis.

1848 3464 1944 3543 Phil.
1966 3465 2190 3541 Melantbou.

1845 3678 2237 3699 um

1246 3762 1546 3921 NQ
1941 3794 2237 3897 'ts-t

1444 3977 1612 4062 Eberus
1639 3981 1702 4065 o'd
1718 3982 2061 4077 trecenarium(

1315 4137 1394 4207 †Es
1414 4138 1569 4221 apographo
1589 4140 1693 4199 ineod.
1707 4142 1820 4201 Monac.
1833 4147 1871 4201 ll.
1889 4165 1915 4218 p.
1929 4145 2013 4205 ΜΒ.
2034 4176 2070 4193 -
2106 4149 2235 4209 fflifls

1348 4205 1660 4343 ppp'tpsypsiqpypppaquia
1680 4230 1739 4266 rem
1761 4212 1944 4270 Melanthonis
1964 4218 2176 4291 stende-ist
2189 4216 2234 4277 ille

1246 4422 1381 4499 Paul.
1401 4424 1443 4497 E
1452 4427 1587 4501 herus
1608 4428 1664 4502 od
1679 4427 1909 4515 RKetzm,
1930 4437 2235 4539 (Ketmfflm)

1248 4556 1312 4649 De
1333 4575 1472 4649 scholae
1496 4581 1752 4653 instauratione
1774 4586 1860 4659 certi
1883 4590 2036 4662 scribere
2060 4588 2158 4666 nihil
2178 4596 2235 4667 ad·

1248 4675 1317 4750 huc
1341 4702 1547 4770 possumus,
1573 4707 1653 4753 cum
1678 4697 1752 4754 tota
1775 4710 1830 4755 res
1853 4692 2006 4777 pendeat
2027 4717 2046 4763 a
2069 4694 2234 4787 principit

1248 4780 1333 4851 novi
1354 4782 1554 4866 voluntate,
1587 4785 1649 4877 qui
1672 4786 1818 4879 quidem
1841 4804 1959 4881 aperte
1981 4805 2016 4864 et
2037 4789 2234 4891 deotldq'dqr

1247 4905 1343 4973 spem
1365 4883 1448 4952 lecit
1471 4884 1575 4952 nobis
1596 4887 1832 4958 restituendae
1852 4903 1886 4960 et
1903 4896 2084 4991 augendae
2101 4920 2236 4993 quoqne

1248 4981 1469 5065 Academiae,
1496 4985 1556 5075 sed
1571 4985 1646 5069 eins
1659 4976 1775 5069 subita'
1790 4990 1959 5095 migretiq
1968 4994 2017 5111 qd
2027 5012 2237 5089 ¹conventum

1150 5161 1153 5165 ,
1248 5077 1430 5176 hucusque
1447 5108 1536 5159 rem
1557 5080 1716 5173 distulit,
1746 5084 1811 5160 nec
1834 5070 2069 5181 adhhiceerta
2090 5112 2145 5171 nt
2164 5122 2237 5193 spes

1248 5182 1397 5255 alieuius
1421 5185 1497 5256 fisci
1516 5200 1692 5259 certorum
1712 5182 2239 5295 redhuum,²th'‚'bl¹;⁶htpm·

1284 5379 1311 5449 l)
1330 5378 1516 5435 Praetermisit
1527 5376 1595 5436 lnce
1605 5378 1659 5435 Da.

1282 5462 1310 5535 2)
1328 5464 1382 5535 Ile,
1393 5462 1542 5533 medates
1555 5463 1679 5535 Utique.
