4882 6426
190 357 266 435 sss
603 344 609 353 “
789 352 1224 436 rrtsrocanuu
1272 353 1377 464 cpe.
1403 355 1450 434 n
1503 352 1634 434 εσυ.
2169 357 2247 434 oso

199 530 450 603 innocentibus
472 528 673 623 etquidem
695 529 831 600 miseris
856 512 1117 619 uiuentibus,
1156 533 1194 600 in
1221 534 1425 622 'praestant
1445 543 1478 600 et
1501 528 1717 616 intelligunt.
1768 525 1842 597 Nec
1861 529 1946 597 vero
1972 526 2115 614 dubito,
2150 533 2240 626 quin

200 633 331 728 quibus
349 647 433 702 sunt
448 633 631 701 multiviri
646 633 741 702 docti
755 633 933 725 praeclare
949 635 1065 703 meriti
1082 636 1125 704 de
1142 656 1198 706 eo·
1245 627 1303 700 his
1318 633 1522 703 auctoribus
1543 630 1764 699 iudicaturus
1782 630 1845 727 sip,
1879 631 2035 699 alienum
2055 655 2164 703 essea
2185 637 2238 704 le-

198 733 316 819 clesia,
342 734 448 804 etiam
464 732 598 803 iudicio
614 733 953 823 sapientissimorum
964 737 1058 826 apud
1074 760 1197 806 omnes
1243 734 1355 804 nitate
1371 729 1578 814 christiana,
1603 745 1749 821 propter
1762 725 1854 809 hanc
1871 729 1996 821 legem,
2023 757 2099 802 non
2115 757 2237 805 nece&

196 835 378 921 ns‘tiones3
421 848 598 926 postremo
632 828 761 904 horum
788 836 960 906 uxoribus
992 860 1032 906 ac
1062 837 1195 908 liberis.
1242 837 1392 919 sariam,
1418 857 1515 905 arma
1534 854 1690 916 sumere,
1721 855 1762 901 ac
1784 833 1940 916 caedem,
1966 836 2235 929 vastitatemque

196 928 293 1008 Huic
307 934 375 1006 toti
392 935 511 1027 generi
528 936 566 1003 in
583 936 748 1005 omnibus
762 935 866 1006 bellis
882 938 980 1030 parci
995 938 1095 1009 solet.
1241 949 1294 1005 tot
1307 936 1465 1026 gentium
1480 936 1604 1005 facere.
1655 931 1774 1020 Quam
1788 933 1899 1003 multa
1916 935 2140 1005 incommoda
2158 950 2235 1024 nos,

297 1035 377 1107 Tua
405 1036 555 1107 felicitas
581 1031 750 1105 hactenus
773 1038 937 1108 omnium
964 1061 1087 1128 regum
1111 1063 1195 1131 opes
1240 1036 1523 1108 matresfamilias
1546 1047 1685 1125 oportet
1712 1034 1751 1102 iu
1774 1035 1913 1103 turbata
1936 1037 2126 1106 domestica
2147 1061 2235 1108 con-

195 1138 425 1211 acfortunam
436 1138 542 1222 vicit,
562 1151 602 1208 ut
616 1159 741 1207 omnes
755 1153 874 1229 gentes
888 1153 1099 1229 agnoscant,
1119 1141 1197 1210 sin·
1241 1140 1361 1209 cordia
1383 1137 1544 1206 funditus
1568 1148 1764 1206 evertamus
1788 1135 1960 1219 familias,
1995 1151 2098 1231 teque
2122 1162 2180 1208 eos
2195 1133 2233 1236 *)

195 1239 353 1332 gularem
369 1261 449 1329 erga
465 1251 500 1310 te
513 1238 792 1309 benivolentiam
805 1240 875 1310 Dei
884 1264 968 1326 esse,
991 1266 1098 1335 quam
1113 1243 1194 1334 qui-
1239 1241 1368 1311 docent
1380 1261 1498 1307 sacrae
1512 1238 1646 1320 literae,
1674 1259 1764 1329 quae
1778 1234 1891 1321 aiunt,
1918 1236 2142 1308 dilectionem
2151 1242 2233 1309 vin-

196 1344 277 1412 dem
304 1354 364 1410 tua
386 1341 500 1410 virtus
526 1340 632 1411 etiam
660 1334 831 1411 hactenus
851 1357 1018 1414 meretur.
1076 1340 1192 1429 Quem
1239 1341 1359 1415 ciclum
1381 1363 1454 1408 esse
1474 1338 1684 1408 concordiae
1707 1351 1741 1407 et
1761 1337 2043 1431 tranquillitatis.
2109 1339 2232 1434 ltaque

197 1440 294 1512 enim
319 1442 357 1508 in
378 1442 540 1510 omniurn
559 1441 718 1531 gentium
733 1434 772 1537 ⁴)
796 1442 985 1513 annalibus
1008 1455 1113 1536 atque
1136 1439 1193 1511 hi·
1239 1442 1381 1512 dilectio
1397 1440 1515 1510 omnia
1531 1441 1668 1511 tolerat.
1721 1436 1845 1530 Neque
1860 1461 1945 1508 vero
1963 1435 2029 1510 hae
2044 1443 2233 1515 conciones

199 1545 318 1614 storiis
334 1542 484 1632 legimus
499 1542 538 1609 in
553 1543 716 1613 secundis
727 1544 836 1613 ¹rebus
853 1543 962 1613 fuisse
977 1544 1193 1614 moderatio·
1238 1555 1376 1612 tantum
1394 1543 1438 1610 ad
1461 1543 1613 1633 privatas
1626 1538 1780 1627 familias
1800 1542 2000 1630 pertinent,
2033 1543 2092 1610 sed
2117 1544 2230 1615 multo
2292 1625 2297 1632 ¹

202 1645 309 1714 nem?
340 1641 452 1714 Cuius
471 1643 655 1714 clementia
671 1644 786 1713 maior
800 1645 869 1714 fuit
882 1645 1065 1738 unquam?
1095 1642 1193 1714 Hac·
1237 1645 1349 1732 magis
1364 1645 1408 1711 ad
1422 1643 1622 1726 ecclesiam,
1653 1664 1744 1734 quae
1764 1653 1815 1710 est
1828 1655 1942 1711 mater
1962 1643 2122 1712 omniurn
2144 1666 2231 1732 gen-
2268 1725 2271 1731 Ι

199 1759 301 1817 tenus
319 1745 565 1816 bellatantum
581 1745 760 1836 depulisti,
780 1769 855 1815 non
870 1744 1034 1819 intulisti.
1071 1744 1192 1836 Quare
1238 1746 1338 1814 tium.
1384 1737 1657 1835 Hanciutueref,
1683 1741 1895 1831 Imperator,
1919 1745 2230 1831 matremfamilias,
2315 1750 2320 1757 ’

197 1870 383 1940 precamur
396 1845 435 1914 iu
452 1861 571 1917 nostra
587 1848 795 1931 calamitate,
819 1846 988 1918 iustitiam
1006 1847 1125 1939 potius
1139 1861 1193 1918 at·
1239 1869 1386 1938 eamque
1402 1847 1446 1914 de
1468 1845 1612 1913 lenitate
1630 1836 1823 1913 christiana
1844 1844 2113 1915 concionantem
2134 1848 2227 1920 audit

196 1947 498 2041 queclementiam
516 1960 611 2016 tuam
628 1948 667 2016 in
681 1947 868 2017 consilium
884 1942 1063 2034 adhibeas,
1084 1973 1189 2041 quam
1238 1945 1353 2030 Haec,
1387 1930 1596 2014 sicut‘nobis
1613 1944 1799 2035 praecipit,
1831 1943 2040 2017 domesticas
2057 1948 2226 2038 quasdam

196 2049 349 2118 alienam
378 2047 642 2131 crudelitatem,
669 2072 714 2116 ne
734 2049 883 2119 felicitas
903 2065 961 2119 tua
981 2050 1191 2140 contagione
1238 2046 1451 2116 offensiones
1467 2061 1586 2115 nostra
1603 2044 1885 2114 dissimulatione
1900 2058 2016 2134 tegere
2033 2069 2072 2114 ac
2094 2071 2228 2133 sanare,

197 2149 306 2219 alieni
323 2148 463 2216 sceleris
479 2163 583 2240 atque
605 2149 739 2216 alienae
755 2149 970 2220 infelicitatis
985 2175 1192 2242 corrumpa—
1237 2150 1334 2217 itate
1349 2150 1542 2241 quoqnead
1557 2145 2039 2245 moderandam-iracundiam
2054 2142 2228 2235 bortatur,

197 2263 265 2322 tur.
319 2248 449 2317 Vidisti
473 2249 568 2321 enirn
592 2263 673 2317 ante
697 2249 835 2343 aliquot
855 2274 967 2320 anuos
990 2265 1060 2321 tam
1082 2251 1190 2321 fuisse
1236 2252 1346 2335 iubet,
1361 2262 1395 2320 te
1411 2250 1581 2341 quaedam
1597 2246 1821 2317 incommoda
1835 2246 2070 2327 dissimulare,
2087 2272 2133 2318 nc
2149 2273 2225 2319 sns-

195 2351 401 2441 poutificum
418 2349 610 2433 fortunam,
635 2364 676 2420 ut
691 2374 795 2419 nemo
811 2375 884 2419 non
899 2353 1093 2437 divinaret,
1113 2377 1190 2423 ma·
1236 2366 1334 2443 cepta
1358 2375 1431 2420 nou
1455 2348 1647 2418 necessaria
1670 2347 1813 2417 saevitia
1835 2347 1883 2416 ita
1908 2341 2101 2440 dissipetur
2116 2353 2226 2419 eecle-

199 2473 439 2543 guameorum
455 2452 634 2543 potentiae
651 2452 882 2521 mutationem
902 2452 1116 2545 impendere.
1211 2429 1305 2549 isia,
1340 2466 1379 2522 ut
1396 2465 1513 2542 postea
1531 2474 1604 2519 non
1626 2449 1728 2518 facile
1748 2449 1859 2540 possit
1875 2449 2003 2520 iterum
2021 2452 2226 2530 coalescere.

298 2564 441 2655 Ignosce
452 2566 567 2646 uobis,
590 2563 730 2652 Caesar,
754 2568 784 2636 si
801 2568 964 2637 videmur
981 2569 1062 2659 plus
1077 2593 1189 2661 aequo
1235 2553 1448 2644 Saepeleves
1456 2551 1713 2622 controversiae
1723 2563 1934 2666 pepererunt
1946 2552 2102 2641 ingentia
2114 2547 2226 2622 schis-

198 2668 371 2759 garrulae.
423 2666 523 2737 Solet
536 2661 603 2737 hoc
618 2670 713 2738 sexui
731 2683 852 2739 nostro
868 2671 995 2756 tribui,
1018 2672 1079 2739 sed
1094 2695 1190 2739 nuuc
1236 2669 1347 2739 mele,
1380 2677 1471 2746 (luee
1493 2676 1566 2721 ¹¹⁰ss
1589 2651 1800 2733 exfilieeessit
1834 2652 2082 2768 ⁸¹0P0¹¹iffiee⁸
2115 2656 2226 2744 meeis

198 2769 303 2838 etiam
321 2767 516 2860 periculum
536 2771 702 2860 exprimit
716 2771 820 2839 nohis
837 2785 871 2840 et
892 2765 954 2838 has
969 2771 1141 2866 lacrymas
1156 2786 1189 2839 02
1236 2756 1486 2828 commoditate
1503 2778 1564 2824 sua
1581 2752 1772 2842 adiungere
1787 2747 1950 2822 hommes
1965 2754 2083 2823 conati
2100 2769 2225 2840 essent,

197 2865 261 2939 has
278 2869 449 2962 querelas.
500 2865 755 2955 Ostendimus,
778 2894 843 2940 nos
859 2885 894 2941 et
909 2886 1048 2941 nostros
1064 2872 1190 2941 contu.
1235 2878 1343 2952 quam
1359 2856 1627 2927 stulteirritare.
1677 2850 1725 2924 Et
1741 2867 1860 2944 postea
1877 2854 1964 2922 ortis
1978 2849 2225 2952 schismatibus

197 2994 255 3062 ges
272 2972 374 3062 culpa
393 2994 520 3042 carere.
572 2970 643 3041 Sed
659 2972 729 3055 fac,
756 2973 901 3064 aliquod
917 2996 989 3041 esse
1007 2986 1186 3064 peccatum
1232 2972 1359 3030 mutuo
1383 2959 1467 3027 odio
1489 2980 1580 3026 nove
1603 2957 1766 3044 dogmata
1789 2977 1809 3022 a
1829 2954 1991 3024 factiosis·
2017 2951 2225 3027 homiuibus

197 3086 320 3142 contra
352 3073 488 3164 aliquas
522 3073 792 3143 constitutiones
824 3069 1015 3159 humanas,
1051 3074 1187 3143 etiamsi
1235 3061 1425 3149 exeegilele
1449 3071 1553 3142 wei,
1584 3077 1673 3149 qssee
1695 3055 1874 3125 eecleeiem
1896 3057 2009 3146 magis
2030 3056 2225 3127 eliemdis·

197 3175 288 3266 quid
311 3188 397 3244 esset
411 3173 488 3240 vitii
510 3173 547 3240 in
571 3174 749 3264 exemplo,
782 3174 864 3266 quia
879 3175 1044 3245 videmur
1062 3188 1189 3244 contu.
1235 3163 1416 3231 sociarunt
1437 3183 1477 3229 ac
1502 3158 1710 3244 lacerarunt
1769 3152 1848 3225 Hoc
1871 3158 1999 3230 accidit
2023 3157 2062 3224 in
2085 3158 2226 3229 dissen-

199 3297 313 3344 maces
334 3277 499 3344 adversus
517 3297 594 3359 eos,
625 3275 688 3369 qui
711 3277 942 3346 dominantur
965 3278 1002 3344 in
1027 3276 1187 3346 ecclesia:
1234 3263 1333 3332 siene
1354 3264 1401 3331 de
1421 3252 1607 3344 Paschate,
1627 3261 1681 3327 'de
1702 3257 1918 3346 fmessffssib‘ee
1939 3282 1979 3327 ee
2002 3257 2125 3335 mullis
2146 3259 2225 3330 eliis

196 3389 314 3446 tamen
329 3379 372 3444 ad
388 3376 611 3455 clementiam
621 3390 729 3462 tuam,
747 3376 942 3469 Imperator
954 3377 1189 3466 confugimus,
1232 3362 1422 3433 leiieelmie
1454 3361 1648 3477 flegelfflig
1684 3355 1824 3429 R⁰⁰⁰¹¹⁸
1858 3357 1961 3477 ‘5³⁰1
1984 3353 2226 3476 ‚Memfim

185 3477 295 3551 *cujus
313 3477 429 3567 polius
453 3477 627 3545 regimem
646 3474 775 3547 hahere
792 3480 914 3561 debes,
946 3503 1054 3570 quam
1080 3473 1187 3547 huius
1234 3466 1432 3553 exemplum
1450 3476 1613 3544 testatur,
1636 3472 1798 3547 ingentes
1812 3473 1846 3528 et
1859 3476 2077 3550 perniciosos¹
2091 3462 2227 3531 tumul-

194 3571 372 3647 }mmanae
396 3601 434 3642 ac
460 3599 572 3644 novae
594 3579 866 3649 constitutionis,
930 3574 984 3646 Ae
1008 3601 1053 3645 ne
1076 3579 1187 3666 legem
1234 3577 1290 3633 tus
1307 3588 1348 3631 ex
1364 3564 1470 3632 rebus
1486 3585 1558 3629 uon
1576 3560 1723 3650 perinde
1739 3561 1874 3647 magnis
1891 3573 1987 3628 ortos
2003 3584 2088 3632 esse.

193 3679 340 3776 quidem
361 3678 476 3745 dicere
492 3676 610 3760 debes,
635 3677 666 3744 si
683 3702 700 3742 a
717 3691 776 3746 tua
791 3677 975 3747 clementia
992 3677 1187 3757 dissentiat,
1295 3729 1297 3733 ψ
1335 3662 1450 3733 Mulie
1470 3673 1591 3730 exient
1603 3672 1762 3729 Vestrum
1780 3658 2038 3749 lmpeialfflm
2056 3660 2225 3750 ‘mpla’

194 3779 275 3849 site
290 3780 332 3846 ad
351 3776 593 3845 crudelitatem
607 3801 681 3846 nou
697 3779 927 3849 necessariam
942 3793 977 3849 et
992 3773 1188 3853 abhorren-
1233 3766 1273 3834 ie
1298 3766 1428 3857 quibes
1443 3775 1587 3855 eppefei
1610 3781 1686 3844 ⁰⁰⁸2
1720 3773 1760 3829 ¹¹2
1781 3760 1959 3850 pumicem
1981 3762 2225 3855 tranquillite-

195 3893 266 3950 tem
284 3904 302 3947 a
319 3893 378 3948 tua
395 3892 518 3946 natura
528 3872 701 3951 hortetur.
750 3876 896 3950 Etenim
912 3905 992 3950 curn
1008 3904 1187 3950 summum
1233 3881 1303 3938 iem
1327 3868 1539 3948 ‘effluerem’
1571 3862 1733 3978 emnil?
1758 3862 1929 3954 quiedam
1953 3862 2044 3931 ¹⁰V5³
2077 3861 2223 3932 difflldie

195 3981 256 4051 ius'
267 4003 402 4050 summa
419 3979 477 4049 fiat
499 3979 649 4065 iniuria,
674 4003 931 4072 eaepeuumero
953 3983 1048 4075 leges
1067 3992 1109 4050 ut
1123 3981 1189 4050 lte-
1233 3967 1482 4038 dieeimllleeee·
1510 3970 1512 3975 ¹
1533 3959 1571 4034 T
1570 3956 1784 4046 hwdeeleet
1817 3985 1898 4030 eum
1923 3974 2011 4031 ⁸⁸⁸ss
2032 3964 2224 4032 eeeffifflsse

193 4095 336 4153 etanttsr
364 4084 407 4149 ad
434 4076 690 4167 humanitatem
719 4083 960 4153 moderatione
984 4081 1188 4174 principum
1233 4070 1363 4139 vindex
1378 4084 1488 4159 pnite
1503 4065 1700 4148 deeielssee't
1725 4077 2045 4156 iemffl'ifflssqsseffl
2057 4064 2132 4133 ⁰¹¹⁰
2147 4065 2225 4133 edi·

194 4183 423 4272 corrigendae
439 4197 532 4254 sunt‚
587 4181 637 4252 lta
655 4208 734 4253 cum
754 4198 787 4254 et
804 4179 889 4256 haec
911 4186 963 4255 101
982 4196 1054 4255 tota
1071 4183 1109 4251 in
1128 4195 1188 4253 sua
1234 4186 1289 4242 cto
1305 4170 1445 4240 notavit·
1457 4169 1589 4237 leviora
1603 4166 1766 4248 dissidia3
1790 4176 1928 4238 tanturn
1942 4160 2224 4235 adtenuanda·-

193 4297 365 4377 potestate
379 4285 444 4365 sit,
479 4286 578 4354 cedat
600 4299 681 4354 tuae
697 4286 878 4376 potestati,
909 4285 1063 4356 bonitati
1083 4299 1189 4378 atque
1235 4292 1300 4342 ¹1⁰⁵
1321 4273 1474 4341 edietum
1495 4268 1692 4363 Prepeeuii·
1742 4264 1814 4336 Nee
1834 4267 2064 4385 impertiet&
2083 4280 2231 4338 lenium

193 4385 419 4470 clementiae,
463 4409 551 4479 quae
574 4398 626 4456 est
649 4385 730 4455 viva
753 4385 808 4454 lex
831 4399 864 4456 et
884 4388 1003 4478 legum
1025 4386 1189 4455 omnium
1234 4370 1301 4442 hac
1323 4373 1565 4441 moderatione
1587 4370 1642 4437 uei
1668 4380 1762 4440 euni.
1811 4364 1958 4440 velem
1981 4368 2133 4460 episedpl
2156 4388 2224 4438 llo·

194 4487 356 4559 doctrina
375 4511 415 4556 ac
429 4486 561 4576 regina.
611 4482 726 4557 Debet
740 4486 835 4555 enirn
851 4488 889 4556 in
905 4486 1051 4556 summis
1067 4483 1188 4556 heroi·
1235 4478 1378 4544 luerunt
1398 4472 1502 4541 etiam
1519 4470 1717 4564 exemplum
1733 4462 1793 4563 **)
1812 4469 2102 4586 proptenrituum
2117 4469 2223 4584 dissi-

193 4590 261 4660 bus
277 4586 600 4680 eutinerelbonitas.
649 4586 864 4681 Quanquam
876 4588 955 4682 quis
973 4589 1109 4673 credat,
1130 4587 1189 4657 ul-
1234 4575 1465 4645 mulationem
1482 4571 1637 4643 lacerari.
1687 4562 2223 4687 IreneusrepcelsendttVscio-

192 4690 252 4759 los
267 4708 426 4780 unquam
449 4689 699 4759 ecclesiasticos
721 4704 838 4783 patres
858 4686 927 4760 huc
941 4688 1117 4772 voluisse,
1148 4702 1188 4758 ut
1235 4701 1308 4747 rem
1326 4673 1527 4768 Pesslffieeffl
1537 4668 1753 4754 Romanum,
1779 4693 1859 4737 eum
1870 4668 2222 4740 A⁵¹eile⁰⁸dem¹¹ee

194 4803 267 4860 tun
283 4784 452 4860 horribili
466 4793 571 4860 caede
586 4802 638 4862 tot
657 4794 816 4881 gentium
833 4787 920 4863 haec
941 4792 997 4862 lex
1018 4791 1187 4859 dcfeuda·
1234 4793 1302 4863 sel,
1331 4775 1413 4869 quie
1432 4775 1502 4842 elie
1521 4773 1579 4842 die
1595 4765 1728 4841 Peeehe
1750 4770 2004 4853 celebraretur,
2038 4793 2144 4864 quem
2161 4795 2220 4841 eos

193 4889 280 4962 ter?
1234 4884 1271 4950 iu
1288 4897 1408 4969 macca
1425 4875 1567 4944 ecclesia
1581 4873 1775 4943 sacerdotes
1791 4865 2081 4967 sunt......”*).
2107 4870 2221 4942 Grae-

223 5034 227 5039 ·
293 4984 438 5061 Adhibe
456 4990 618 5079 igiturin
634 4989 845 5077 Consilium,
868 4987 1007 5075 Caesar,
1031 4990 1186 5081 primum
1234 4982 1416 5070 cisignota
1433 4991 1484 5046 est
1499 4977 1636 5067 privata
1656 4974 1841 5046 confessio.
1892 4971 2034 5042 Habent
2054 4974 2157 5044 etiam
2179 4974 2218 5042 iu

195 5105 293 5162 tuam
318 5090 626 5162 clementissimam
649 5108 832 5179 naturam,
863 5115 954 5186 quae
979 5104 1030 5162 est
1052 5091 1185 5180 optima

194 5193 313 5283 lsgtsm
330 5195 521 5284 interpres,
546 5196 676 5264 deiude
689 5194 854 5289 Synodos
869 5193 996 5264 veteris
1013 5191 1187 5272 ecclesiae,
1858 5266 1865 5282 ⁸
2102 5266 2108 5280 ,

195 5308 375 5387 postrcm
400 5314 524 5364 omnes
548 5296 611 5388 qui
635 5292 865 5367 christianam
896 5294 1123 5371 dilectionem
1154 5306 1188 5362 et
1265 5269 1695 5413 Ὢᾞξξζυξζζᾞὶξωῗ
1707 5264 2037 5406 ἓξῗῗεέζξῖζὴψώω
2055 5265 2219 5322 mm*

192 5442 402 5462 ·············
1270 5426 1318 5495 **)
1336 5426 1475 5483 Fortssses
1491 5425 1641 5476 noberunt
1650 5439 1751 5490 passm
1765 5421 1917 5486 extempio.

225 5517 256 5585 θ)
275 5515 347 5574 (iod.
360 5517 423 5572 lias·
438 5517 480 5573 ³9.
498 5520 660 5586 generibus,
673 5508 748 5594 quod
763 5519 925 5576 mendosum
939 5516 1036 5577 babeo.
1270 5509 1339 5581 Ν)
1355 5507 1489 5564 Mendoss
1503 5505 1571 5562 bsec
1581 5515 1656 5566 sunt.
1693 5502 1952 5564 Ultimnmwbusu
1965 5501 2056 5576 legere
2068 5521 2126 5560 uos
2138 5504 2224 5577 potui.

195 5609 374 5675 birunnun.
399 5611 502 5677 Orrn.
529 5612 612 5678 Vos.
627 5613 685 5679 Vl.
1334 5599 1384 5673 ³4

1231 5164 1457 5187 ‚ann—ut·-
1526 5160 1530 5171 '
