4882 6426
194 270 271 380 usu
520 223 523 227 ⁷
786 283 1651 370 nursuonnnuuurn.x.1mn
1805 296 1808 301 ·
2167 281 2244 356 rso

194 470 392 599 NAEQ·
1025 465 1179 538 euna
1555 510 1561 529 2
1630 447 1698 553 (Ν.
1722 446 1841 553 nse)
1993 416 1994 419 ‘

1014 557 1185 641 “a'‘
1240 587 1463 682 venerande
1487 603 1653 677 Domine.
1702 602 1837 675 Fidelis
1860 599 1957 673 Deus
1989 599 2140 696 aliquem
2170 601 2241 673 tibi

480 655 665 738 mmm
695 649 911 738 mem‘
1242 709 1408 781 nidulum
1433 709 1549 788 dabit,
1575 706 1631 776 vel
1652 705 1691 774 in
1706 705 1918 789 Academia,
1942 703 1982 771 in
2005 728 2074 794 qua
2094 704 2163 773 iam
2181 705 2241 773 lo-

265 830 349 905 Epist.
365 830 413 889 nn·
427 829 463 888 n.
482 848 508 901 p.
521 829 581 884 590.
597 825 674 896 (edit.
688 824 781 882 Lond.
798 824 846 881 tit.
858 824 893 881 tt.
911 820 1048 897 epea).
1243 836 1322 882 cum
1342 811 1500 906 quaeris,
1524 803 1617 908 [vel]
1633 807 1731 880 alibi.
1779 805 1819 878 Si
1837 806 1945 895 igitur
1960 801 2054 874 nihil
2072 804 2239 894 impetra-

652 981 659 1000 ,
785 980 793 1000 ,
1242 913 1298 983 bis
1318 912 1357 982 iu
1372 906 1557 994 Matthia,
1581 908 1806 999 cogitandum
1824 907 1893 977 erit
1910 906 1968 975 vel
1990 909 2034 976 de
2049 905 2169 979 Dania
2187 905 2244 976 vel

440 981 529 1058 Μ’
540 1009 564 1054 ⁰
575 1008 655 1054 ”m
683 979 846 1055 ΜΜΓ
847 1005 868 1052 ⁰
893 1004 962 1052 ⁸²¹⁰
1242 1015 1287 1084 de
1302 1011 1483 1086 Borussia.
1533 1010 1616 1082 Mea
1633 1009 1701 1082 tibi
1714 1033 1822 1101 opera
1843 1032 1918 1078 non
1932 1008 2099 1079 defutura
2115 1021 2187 1088 est,
2211 1019 2244 1076 et

197 1117 242 1208 S,
271 1134 317 1214 Ι),
372 1132 587 1209 Charisgime
617 1127 831 1214 Iohannes,
865 1131 1039 1223 Magistro
1071 1123 1195 1200 Paulo
1243 1138 1364 1206 spero,
1389 1112 1465 1185 Deo
1488 1112 1652 1195 iuvante,
1678 1133 1744 1179 nos
1765 1110 1902 1202 aliquid
1917 1109 2048 1182 alicubi
2074 1111 2243 1201 impetra·

198 1236 325 1308 Ehero
340 1264 422 1309 mox
438 1237 555 1309 tradas
569 1232 665 1305 hunc
679 1235 887 1304 fasciculum
902 1234 1097 1318 literarum,
1111 1232 1195 1327 quia
1244 1230 1346 1287 ῐῑῑΐθδ
1363 1239 1448 1290 e⁵⁸³⁸·
1483 1213 1566 1284 Μθθ
1581 1212 1696 1332 qffiflfl
1709 1213 1855 1329 fuelussl
1871 1212 2062 1331 medipcria
2078 1234 2158 1328 erg?
2175 1232 2243 1328 ‘if’

199 1340 471 1412 deliberationes
494 1350 578 1408 sunt
599 1339 643 1406 de
668 1330 879 1421 Academia,
902 1357 990 1429 qua,
1011 1334 1108 1407 Πρω
1130 1356 1197 1424 gu.
1243 1317 1307 1411 qui
1331 1339 1397 1386 nos
1421 1317 1459 1384 in
1480 1317 1560 1386 aula
1591 1329 1671 1384 rstrc
1693 1315 1860 1430 omnibus
1882 1316 1998 1385 modrs
2028 1327 2063 1385 et
2086 1312 2244 1384 aruficus

199 1442 334 1513 bernes.
385 1438 526 1528 Quaeso
551 1452 592 1508 ut
614 1461 695 1505 mox
710 1436 774 1506 ubi
795 1431 858 1506 has
875 1436 996 1506 literas
1011 1435 1196 1526 acceperis,
1243 1430 1461 1511 Oppssgssaul·
1512 1415 1584 1488 Sed
1600 1414 1697 1487 Dent
1714 1428 1781 1485 elli
1796 1415 1938 1484 undet·
2065 1484 2067 1488 »

199 1543 342 1612 accedas
356 1539 568 1629 Magistrum
583 1531 760 1609 Paulum.
796 1535 985 1607 Familiam
1000 1560 1113 1606 meam
1128 1536 1197 1607 tibi

199 1643 421 1712 commendo.
461 1638 559 1710 Bene
575 1640 664 1707 vale.
698 1637 818 1708 Pridie
834 1634 983 1712 Calend.
1000 1634 1170 1743 ianuarii.

290 1772 451 1845 Mirabili
468 1771 644 1842 calumnia
659 1769 728 1839 suit
742 1769 906 1840 incensus
920 1765 1117 1861 Imperator
1132 1769 1197 1840 ad·
1242 1765 1311 1841 No.
1325 1736 1438 1841 4106.
1454 1806 1457 1849 f

199 1897 322 1947 versus
343 1898 418 1958 me,
443 1875 504 1942 sed
525 1869 570 1945 Da
593 1863 812 1966 mehedt)
835 1869 952 1943 etalii
972 1870 1117 1965 quidam
1139 1893 1197 1940 me
1249 1861 1422 1894 *Ν
1695 1935 1703 1953 ,
1812 1936 1819 1953 .

87 1975 94 1991 '
201 1987 466 2049 excusaverunt.
1576 1931 1903 2017 Tedttmomttm.

1346 2094 1446 2151 Manlii
1465 2094 1564 2167 [επις.
1581 2115 1609 2170 p.
1623 2095 1707 2152 areb.

1170 2238 1176 2258 Ι

213 2306 283 2379 No,
299 2304 415 2376 4104,
823 2308 989 2390 (nmense
1004 2310 1199 2394 revidetur.)
1271 2247 1541 2326 Testimonium
1574 2248 1768 2350 Aegidii
1794 2245 2026 2353 Curstors.
2054 2246 2216 2325 Fridur.

205 2403 418 2442 m
824 2401 1192 2438 Μ
1671 2354 1809 2451 gensis.

519 2511 621 2624 eph·
643 2512 883 2599 Pannonio⁶
1241 2489 1397 2575 Utinam
1411 2504 1543 2576 multae
1555 2500 1733 2575 Ecclesiae
1747 2499 1876 2575 habere
1890 2506 1978 2576 tales
1988 2518 2147 2600 pastores
2159 2531 2239 2600 pos-

1247 2605 1336 2691 sint,
1355 2607 1470 2698 qualis
1486 2621 1538 2677 est
1557 2601 1616 2677 hic
1633 2601 1814 2699 Aegidius
1829 2599 1874 2674 F
1869 2604 2100 2702 riburgensis
2115 2634 2237 2702 magna

1246 2706 1374 2797 pietate
1392 2731 1533 2777 morum
1551 2721 1587 2778 et
1603 2709 1765 2779 doctrina
1782 2708 1985 2780 instructus.
2018 2710 2142 2800 Quare
2155 2737 2237 2802 gau-

1246 2808 1369 2878 demus
1383 2830 1465 2879 eum
1480 2809 1518 2877 in
1538 2804 1603 2879 hac
1616 2809 1748 2879 vicinia
1762 2809 1904 2900 praefici
1919 2807 2239 2885 EcclesiaeNime·

1246 2907 1360 2995 censi,
1385 2910 1423 2978 in
1441 2934 1510 3001 qua
1527 2924 1561 2981 et
1573 2923 1675 2980 autea
1691 2911 1749 3001 pie
1764 2924 1798 2981 et
1814 2911 1966 2982 fideliter
1981 2916 2107 2987 docuit
2120 2913 2238 2987 Evan-

202 2979 246 3071 S.
265 2993 310 3066 D.
370 2994 585 3070 Charissime
617 2994 895 3092 christophore,
933 3000 1072 3081 nescio,
1109 2999 1197 3093 quid
1244 3011 1375 3098 gelium
1406 3006 1553 3085 Christi.
1610 3008 1800 3105 Explorari
1831 3012 1907 3083 eius
1936 3016 2137 3087 doctrinam
2165 3043 2236 3088 non

100 3125 102 3127 ¹
154 3171 155 3174 ,
201 3098 370 3184 scribam,
393 3113 533 3172 tantum
548 3101 657 3193 igitur
674 3097 765 3171 hanc
779 3104 1016 3195 precationem
1030 3101 1196 3188 recitabo,
1245 3124 1319 3182 erat
1333 3133 1438 3203 opus:
1464 3114 1525 3182 sed
1542 3126 1754 3184 tamencum
1771 3137 1813 3184 eo
1827 3115 2105 3207 disputavimus,
2130 3134 2164 3190 et
2183 3122 2236 3190 iu·

202 3202 246 3268 de
262 3224 330 3292 qua
347 3224 448 3291 saepe
464 3197 572 3271 hodie
588 3203 755 3293 cogitavi:
1244 3213 1403 3283 dicamus
1416 3214 1586 3284 idoneum
1599 3238 1672 3287 esse
1681 3216 1725 3283 ad
1741 3216 2033 3305 gubernationem
2043 3217 2235 3292 Ecclesiae:

235 3368 242 3374 ·
301 3335 433 3421 Spiritus
448 3353 482 3401 ut
497 3337 624 3402 Domini
639 3346 788 3404 nascentia
803 3363 926 3424 corpora
942 3343 1031 3419 fovit,
1184 3368 1189 3379 ‘
1243 3335 1394 3406 ‘umque
1414 3313 1459 3382 ils
1482 3317 1543 3409 ‘1¹¹i
1571 3316 1688 3409 ipsum
1712 3339 1922 3406 P¹⁰¹¹¹⁰V⁰¹⁸e
1944 3339 2114 3413 P⁰⁸⁸¹¹¹¹ls
2140 3349 2234 3394 ⁰⁰m·
2271 3324 2276 3332 Ι

355 3439 434 3503 Cum
448 3463 553 3503 manus
570 3447 688 3506 artificis
704 3446 844 3506 conderet
861 3451 943 3526 ipsa,
968 3441 1038 3506 Dei.
1243 3416 1461 3487 mendam&

302 3537 355 3606 Sic
373 3543 474 3605 foveat
488 3559 610 3622 coetus,
636 3551 689 3629 qui
702 3545 815 3608 Christi
829 3551 949 3609 oracula
964 3547 1092 3625 discunt,
1691 3514 1825 3609 caspar
1840 3517 2011 3613 Cruclger
2026 3521 2072 3600 D.

352 3643 568 3730 Accendatque
584 3652 649 3728 igni
663 3663 783 3730 pectora
798 3661 901 3711 nostre
919 3670 988 3714 suo.
1752 3617 1942 3715 Philippus
1961 3623 2187 3705 Melanthon.

269 2688 593 2763 mmmnmm

377 2837 731 2946 Christophoro
757 2843 1018 2921 Pannonio.

200 3764 359 3838 Perfecto
375 3768 515 3863 Regum
539 3788 574 3844 et
590 3773 797 3867 Principum
814 3773 1021 3846 Conventus
1040 3799 1113 3844 non
1136 3794 1193 3846 sa·
1245 3819 2228 3849 --·-——-------.....-.........-...

199 3883 288 3939 nant
302 3866 479 3943 Ecclesiae
494 3877 648 3949 morbos.
688 3875 759 3948 Sed
775 3879 932 3946 orandus
948 3891 999 3948 est
1012 3874 1125 3963 Deus,
1151 3890 1193 3948 ut
1270 3949 1284 3984 r

199 3970 276 4060 ipso
298 3994 362 4047 sun
379 3973 508 4045 Sancto
531 3977 667 4065 Spiritu
690 3978 807 4047 foveat
821 3973 1014 4062 Ecclesias,
1040 3979 1130 4049 sicut
1154 3981 1192 4048 in
1251 3949 1317 4019 Μ’
1332 3948 1444 4027 41⁰7·
2109 3971 2156 4050 (¹1·
2178 3971 2219 4049 a.)

2098 4061 2225 4090 Μ

199 4068 326 4162 Moyse
341 4075 522 4145 scribitur:
548 4077 700 4168 Spiritus
717 4076 785 4148 Dei
798 4079 917 4149 fovere
932 4081 1109 4150 conditam
1126 4103 1190 4149 na·
1577 4116 1661 4205 Sb
1707 4124 1756 4206 Η
1776 4122 1811 4208 ll
1865 4104 1873 4120 '

199 4184 316 4240 turam
341 4187 376 4243 et
400 4177 497 4247 velut
520 4178 688 4249 incubare
704 4180 870 4249 universo
892 4181 1018 4250 mundi
1041 4180 1191 4270 opificio.
1463 4242 1472 4249 .
1613 4151 1676 4206 θ’
1754 4153 1919 4215 em·

199 4270 297 4343 Bene
313 4276 403 4350 vales
455 4276 613 4349 Salutem
636 4281 703 4349 tibi
719 4295 817 4371 optat
833 4273 983 4379 Cnspur
999 4276 1210 4374 Procerus,
1308 4296 1331 4365 †
1349 4295 1386 4349 Es
1403 4312 1496 4368 apogr·
1514 4297 1543 4352 in
1561 4300 1622 4355 cod·
1641 4299 1728 4360 Paris.
1747 4304 1783 4358 Ι).
1802 4305 1831 4359 L.
1844 4305 1906 4363 54³.

200 4375 263 4467 qui
279 4377 457 4467 adstabat,
481 4405 561 4452 cunr
579 4378 666 4452 hacc
677 4384 878 4457 scriberem.

707 4496 896 4593 Philippus
914 4497 1140 4574 Melanthon.

1263 4447 1374 4529 Doel.
1399 4450 1685 4527 Sebastiano
1714 4457 1926 4546 Heliero,
1967 4457 2205 4543 Cuncellurio

1411 4550 1600 4654 Principis
1623 4555 1867 4634 Murchionis
1890 4559 2055 4662 Georgii.

1236 4686 1314 4771 Vir
1331 4702 1463 4778 clariss.
1514 4703 1623 4778 Vides
1638 4732 1694 4779 me
1707 4725 1780 4781 uno
1796 4736 1923 4803 genere
1940 4716 2125 4792 literarum
2139 4726 2180 4794 ad
2194 4739 2223 4794 te

208 4817 276 4893 No⁸
293 4820 407 4899 4105·
1011 4841 1071 4902 ho,
1084 4839 1188 4904 mmo?
1235 4803 1306 4886 uti,
1333 4807 1428 4897 qnod
1444 4801 1530 4875 haec
1547 4819 1705 4900 tempora
1723 4817 1866 4886 anobis
1888 4832 2117 4913 extorquent,
2143 4852 2224 4920 quae

205 4915 417 4959 Μ
1010 4929 1182 4962 w-
1234 4906 1344 4975 nullis
1359 4901 1566 5011 hominibus
1581 4904 1686 5008 [tam]
1701 4913 1813 5001 terrea
1825 4932 1910 4991 sunt
1922 4944 2027 5014 quam
2042 4921 2223 4998 scholasti-

630 4993 685 5084 N.
706 4996 760 5085 Ν.

283 5149 468 5224 †Erapogr.
481 5152 510 5207 in
523 5152 585 5212 cod.
599 5153 703 5228 Langii.
721 5175 747 5229 p.
762 5156 811 5214 5¹².
842 5199 843 5202 ,

1266 5222 1425 5295 ¹¹)11egitur
1442 5223 1513 5309 haee·
1526 5223 1639 5310 epistole
1658 5226 1747 5312 media
1770 5228 1841 5286 inter
1857 5232 1981 5305 epistolas
1999 5238 2065 5291 anui
2085 5239 2122 5294 46
2138 5248 2165 5294 et
2180 5239 2220 5294 ⁴7.

204 5298 432 5327 ..r--..
1300 5293 1343 5348 Ad
1363 5311 1442 5363 quem
1460 5302 1560 5416 sumpte
1577 5303 1627 5356 est,
1647 5294 1760 5351 definire
1778 5316 1835 5355 non
1872 5320 1974 5358 osmm.
2009 5305 2081 5360 Aula
2100 5328 2173 5376 vero,
2192 5310 2221 5362 de

230 5412 593 5493 &Michuffldwbum
612 5421 858 5482 mummulus·
1302 5361 1650 5496 lliesioiltleancleillifm'
1685 5377 1726 5422 est
1749 5366 1820 5424 haud
1866 5372 1928 5427 ubic
1952 5371 2013 5428 sula
2031 5375 2164 5435 loaehimi
2182 5377 2222 5443 llo
