4882 6426
200 270 273 352 915

200 441 388 536 Evangelii
419 445 619 533 ministros,
651 448 884 541 praecipimus
909 451 1056 540 singulis
1079 453 1207 541 magi-'

192 548 285 618 ‚stris
308 562 344 618 et
367 542 598 632 scholasticis,
620 563 662 620 ut
684 575 828 620 munera
852 575 913 621 sua
936 577 1012 623 cras
1032 554 1078 622 ad
1093 578 1189 624 aram

203 650 374 722 adierant.
425 646 536 719 Datae
553 651 665 739 pridie
681 650 922 739 pentecostes,
943 679 1032 745 quae
1050 655 1121 723 iam
1145 656 1189 723 ab

206 775 247 818 eo
261 751 336 834 die,
359 750 397 817 in
413 775 483 843 quo
498 774 534 819 se
548 749 642 820 Deus
657 753 855 851 illustribus
870 755 1077 825 testimoniis
1093 770 1192 846 pate-

204 850 307 934 fecit,
327 874 455 920 sonans
480 852 590 940 legem
606 876 703 922 suam
722 857 764 922 de
779 855 1039 946 rupeSiuaide,
1065 855 1192 925 Pente-

209 966 319 1021 costes
336 967 386 1021 est
402 950 513 1025 3057.
552 952 591 1020 ld
607 955 797 1042 cogitantes
811 959 937 1044 gratias
953 981 1095 1044 agamus
1104 956 1193 1042 Deo,

210 1056 305 1145 quod
321 1077 356 1122 se
372 1054 472 1123 toties
488 1054 658 1144 patefecit,
675 1059 767 1146 quod
776 1054 904 1146 Legem
919 1056 1193 1145 etEvangelium

210 1155 338 1238 edidit,
364 1156 458 1246 quod
486 1170 599 1225 servat
622 1153 834 1238 Ecclesiam,
869 1173 923 1242 et,
948 1174 988 1229 ut
1012 1159 1194 1228 internos

208 1255 279 1323 sibi
310 1269 488 1324 aeternam
519 1253 713 1326 Ecclesiam
747 1259 810 1328 diu
843 1261 1005 1350 colligat,
1044 1284 1194 1334 oremus.

209 1353 318 1427 Anno
337 1353 448 1430 1548.

208 1578 323 1588 ...ι-

209 1731 277 1806 Νο.
296 1730 407 1808 4246.

209 1828 418 1863 Μ

1033 1756 1093 1815 28.
1111 1745 1197 1809 lllaii.

1027 1837 1198 1864 Μ

557 1921 623 2004 Iu.
659 1918 855 2033 Stigelio.

280 2080 372 2135 Dauz.
388 2098 430 2151 ep.
445 2080 477 2135 ad
492 2079 586 2152 Stigel.
599 2101 641 2153 ep.
655 2083 698 2138 88.
719 2084 788 2136 Cod.
804 2082 888 2137 Goth.
904 2084 960 2138 188.
975 2102 1017 2155 ep.
1030 2084 1074 2138 90.

212 2228 311 2308 Viro
326 2233 551 2323 clarissimo,
577 2233 777 2308 eruditione
791 2246 823 2308 et
840 2237 967 2309 virtute
979 2240 1199 2337 praestanti,

210 2332 264 2417 D.
284 2333 464 2408 Ioanni
487 2335 713 2433 Stigelio,
738 2345 792 2435 τῷ
808 2342 891 2434 Θεῷ
914 2339 977 2412 καὶ
992 2346 1072 2421 ταῖς
1087 2338 1199 2415 Μού-

268 2461 348 2520 σαις
370 2436 484 2536 φίλῳ,
509 2449 539 2510 et
564 2439 683 2510 amico
703 2466 771 2511 suo
797 2441 1007 2529 carissimo,
1032 2440 1072 2512 S.
1087 2440 1140 2514 D.

211 2569 349 2663 Cariss.
363 2590 511 2679 Stigeli,
538 2590 684 2678 gratiam
705 2590 768 2658 tibi
786 2584 919 2675 habeo,
946 2593 1041 2684 quod
1068 2605 1102 2661 et
1123 2616 1198 2660 me-

209 2693 361 2762 moriam
383 2705 523 2760 nostrae
548 2692 720 2760 amicitiae
743 2691 809 2761 tibi
834 2716 907 2759 non
926 2695 1099 2781 ingratam
1125 2717 1196 2761 esse

209 2793 389 2876 ostendis,
416 2807 449 2861 et
465 2805 622 2861 amanter
636 2794 679 2860 ad
694 2814 759 2860 nos
774 2792 908 2865 scribis.
959 2791 1036 2882 Ego
1052 2817 1115 2862 nec
1132 2819 1195 2863 vo-

209 2899 380 2965 luntatem
397 2919 510 2962 meam
527 2917 607 2982 erga
623 2894 753 2962 amicos
771 2906 922 2978 veteres,
937 2919 1001 2963 nec
1016 2896 1196 2964 doctrinae

208 2997 462 3067 confessionem
495 2995 646 3078 mutavi,
669 3019 734 3063 nec
755 2996 918 3079 mutabo,
942 2994 1018 3066 Deo
1040 2997 1195 3081 iuvante,

210 3100 276 3168 etsi
297 3097 400 3166 video
425 3092 514 3164 mihi
539 3120 664 3185 magna
685 3096 874 3165 certamina
893 3111 927 3167 ct
940 3099 1093 3189 pericula
1113 3123 1194 3188 pro-

209 3201 323 3292 posita
357 3223 440 3271 esse.
502 3195 685 3288 Respondi
719 3201 763 3267 de
795 3199 944 3267 articulo
977 3199 1196 3288 gravissimo,

209 3297 312 3393 περὶ
337 3292 661 3391 δικαιοσύνης,
689 3299 726 3366 in
753 3323 824 3390 quo
844 3301 1041 3390 corruptela
1063 3324 1195 3392 propo-

209 3405 310 3472 nitur
321 3424 395 3470 non
410 3400 683 3482 dissimulanda,
709 3414 742 3469 et
758 3401 800 3466 de
816 3399 895 3467 aliis
910 3402 1120 3492 quibusdam
1137 3427 1195 3470 ar-

211 3504 341 3576 ticulis.
393 3499 478 3569 ldeo
501 3501 665 3571 incitatus
684 3512 734 3569 est
758 3522 879 3568 rursus
901 3496 1191 3596 ὁαύτοκράτωρ,

193 3621 250 3677 'ut
264 3604 342 3676 tolli
356 3627 411 3670 me
426 3603 573 3677 iuberet.
622 3599 671 3671 Et
692 3602 813 3671 scribit
830 3600 984 3671 Iacobus
997 3599 1194 3687 Sturmius,

209 3721 324 3778 ortam
342 3728 414 3772 esse
429 3729 503 3772 eam
520 3698 793 3798 Sycophantiam
814 3705 859 3771 ab
880 3705 959 3772 aula
973 3709 1042 3775 τοῦ
1056 3703 1194 3802 pappi-

85 3809 89 3817 ’
206 3835 287 3882 του.
338 3804 393 3876 De
406 3799 462 3874 his
476 3804 636 3872 maximis
652 3807 756 3873 rebus
772 3825 890 3873 coram
914 3807 1026 3875 multa
1049 3830 1192 3876 narrare

144 3956 147 3961 ·
208 3933 364 4003 possem,
389 3909 432 3976 de
454 3907 685 3999 quibuscum
707 3906 839 3993 cogito,
864 3907 973 3995 magis
993 3909 1105 3976 causis
1130 3904 1191 3978 ha-

208 4037 289 4083 rum
305 4010 547 4091 miseriarum,
571 4031 676 4100 quam
698 4008 782 4095 ipsis
804 4008 1005 4091 eventibus,
1030 4010 1095 4078 etsi
1111 4024 1192 4079 sunt

207 4111 420 4194 tristissimi,
453 4108 641 4177 excrucior.
698 4108 768 4177 Sed
794 4132 874 4177 cum
906 4109 1064 4196 prodibit
1100 4106 1192 4179 liber

205 4210 469 4309 Augustanus,
493 4211 596 4300 plura
611 4210 654 4278 de
679 4203 735 4277 his
749 4210 854 4277 rebus
878 4209 1017 4299 publice
1030 4212 1179 4280 scribam

206 4319 306 4388 sime
321 4313 417 4385 Deus
439 4311 661 4400 superstitem
679 4332 752 4378 esse
772 4312 879 4383 volet.
929 4308 1004 4380 Hac
1026 4325 1127 4401 nocte
1151 4314 1191 4385 ἐν

205 4413 337 4513 ὀνείρῳ
356 4415 430 4483 vidi
455 4412 630 4484 illustriss.
650 4411 845 4502 principem
867 4425 900 4481 et
917 4413 1096 4481 dominam
1116 4439 1188 4484 una

203 4524 380 4603 sedentes,
406 4529 438 4583 et
452 4515 595 4606 quidem
611 4514 789 4582 dominam
807 4513 1094 4602 complectentem
1113 4541 1189 4583 ma-

203 4624 313 4692 ritum
329 4633 362 4688 et
377 4629 535 4685 amanter
550 4639 609 4683 eos
625 4613 880 4707 colloquentes5
908 4629 941 4683 et
955 4616 1090 4686 adstitit
1112 4642 1187 4686 mea

202 4736 330 4806 mater,
354 4721 390 4788 id
407 4732 475 4800 est,
500 4713 665 4786 Ecclesia.
718 4714 850 4783 Totum
869 4715 1083 4808 colloquium
1100 4718 1186 4786 scri-

201 4829 338 4908 berem,
362 4821 393 4890 si
409 4830 556 4892 vacaret.
606 4813 704 4886 Bene
719 4816 806 4888 vale.
856 4818 917 4890 23.
934 4815 1025 4886 Maii
1043 4815 1152 4891 1648.

703 4995 891 5092 Philippus
909 4997 1132 5078 Melanthon.

781 275 1223 357 urrsrouanuu
1279 283 1487 361 maxi,
1523 266 1686 366 esee.

2156 295 2236 370 916

2028 472 2033 483 ·
2072 479 2132 540 ea.
2150 469 2236 535 suu.

2068 561 2240 590 W

1450 644 1639 759 Georgia
1667 649 1806 745 Prius.
1831 653 2028 746 Annali.

1310 806 1333 876 †
1351 805 1388 858 Ex
1404 805 1558 888 apographo
1571 807 1600 860 in
1619 807 1683 863 eod.
1695 808 1815 868 Servest·
1829 831 1855 883 p.
1866 815 1929 869 263.
1945 815 2082 888 descripta
2092 786 2112 873 a
2126 817 2234 876 Clarias.

1346 875 1503 930 Sintentno.

1239 454 1306 529 No.
1321 454 1435 532 4247.

1245 549 1417 580 φφ

1285 1007 1486 1090 Reverend.
1513 1011 1906 1190 et'IlIusIt1r.hPrpincipi
1928 1016 2135 1119 Georgia
2159 1024 2200 1096 in

1697 1144 1720 1187 n
1751 1129 1807 1189 at

1245 1245 1288 1334 S.
1314 1266 1358 1343 D.
1411 1267 1650 1339 lllustrissime
1674 1286 1707 1342 et
1727 1269 2034 1346 Reverendissime
2055 1277 2239 1374 Princeps.

1246 1365 1392 1439 Utinam
1418 1374 1560 1440 demum
1582 1371 1619 1438 in
1645 1368 1700 1442 his
1722 1375 1924 1464 regionibus
1952 1402 2025 1448 uno
2049 1382 2179 1471 spiritu
2203 1398 2238 1454 et

1246 1493 1318 1540 una
1335 1495 1420 1542 voce
1436 1473 1608 1542 invocent
1621 1470 1796 1545 Ecclesiae
1820 1479 1926 1547 deum
1951 1494 1985 1549 et
2006 1496 2152 1552 servent
2173 1486 2238 1554 do·

1247 1572 1396 1640 ctrinam
1413 1574 1666 1664 incorruptam.
1715 1573 1894 1647 Hactenus
1907 1604 2116 1669 congressus
2132 1586 2238 1656 vestri

1248 1674 1459 1763 prosuerunt
1479 1677 1524 1742 ad
1547 1676 1766 1744 retinendam
1787 1681 1976 1772 puritatem
1991 1679 2181 1773 Evangelii
2206 1701 2239 1759 et

1248 1776 1290 1842 ad
1315 1772 1568 1860 Concordiam;
1602 1779 1661 1845 sed
1692 1774 1918 1866 Augustanus
1951 1799 2167 1870 conventus,
2197 1803 2238 1859 ut

1248 1889 1387 1960 metuo,
1412 1878 1518 1946 vestri
1542 1891 1660 1947 coetus
1677 1881 1941 1950 distractionem
1962 1886 2099 1953 tristem
2126 1888 2237 1958 faciet.

1248 1971 1411 2067 Optarim
1429 1976 1519 2050 Cels.
1536 1977 1581 2044 V·
1603 1981 1645 2047 ad
1662 1977 1907 2051 Marcbionem
1921 1982 2125 2055 Electorem
2150 1991 2236 2057 scri·

1247 2078 1348 2161 bere,
1383 2092 1424 2148 ut
1450 2078 1606 2148 monitor
1631 2096 1664 2152 et
1692 2076 1851 2152 hortator
1885 2101 1991 2169 esset,
2025 2112 2070 2156 ne
2100 2092 2235 2161 decreta

1247 2181 1417 2263 edantur,
1450 2181 1579 2272 quibus
1610 2205 1749 2252 necesse
1771 2200 1845 2254 erat
1866 2211 2045 2275 opponere
2069 2213 2169 2259 veras
2200 2206 2233 2262 et

1246 2279 1364 2347 firmas
1378 2282 1616 2354 refutationes.
1651 2281 1755 2352 Nune
1772 2283 1862 2354 Cels.
1878 2286 2023 2356 Vestrae
2039 2290 2141 2359 mitto
2157 2318 2233 2362 nra-

1247 2381 1379 2450 tionem
1397 2407 1468 2450 non
1486 2383 1646 2471 longam,
1672 2387 1754 2467 sed,
1774 2401 1812 2455 ut
1826 2383 1914 2455 mihi
1931 2389 2092 2474 videtur,
2108 2417 2232 2463 conve-

1247 2483 1404 2551 nientem
1427 2485 1595 2575 tempori,
1617 2501 1651 2554 et
1676 2510 1750 2554 non
1767 2512 1909 2577 prorsus
1932 2491 2088 2562 inanem.
2139 2492 2231 2564 Deus

1247 2598 1342 2673 regat
1358 2597 1391 2653 et
1405 2601 1519 2656 servet
1534 2583 1624 2656 Cels.
1644 2585 1815 2656 Vestram.
1867 2588 1956 2657 Maii
1969 2593 2033 2665 25.
2050 2593 2160 2666 1648.

1568 2684 1659 2756 Cels.
1673 2687 1718 2761 V.
1734 2691 1910 2764 addictiss.

1895 2789 1988 2867 Phil.
2006 2791 2183 2870 Melantb.

1244 3154 1310 3231 No.
1328 3155 1440 3231 4248.

1250 3253 1420 3284 Μ

2074 3182 2134 3246 25·
2150 3178 2226 3240 dlsii.

2055 3267 2221 3299 Μ

1376 3376 1688 3458 Testimonium
1714 3376 1912 3462 Duschio
1941 3379 2114 3470 datum.

1311 3530 1388 3585 Edita
1408 3532 1435 3584 in
1454 3530 1587 3585 Strobelii
1607 3548 1684 3591 stetten
1703 3538 1818 3604 nausa.
1836 3537 1870 3595 T.
1885 3537 1931 3590 lll.
1947 3557 1975 3609 p,
1993 3541 2053 3596 196.
2074 3543 2179 3615 (Luna)

1377 3678 1636 3778 Philippus
1661 3680 1945 3760 Melanthea
1971 3688 2012 3760 S.
2027 3691 2083 3771 D.

1419 3778 1604 3854 Omnibus
1630 3782 1776 3857 lecturis
1800 3783 1870 3859 has
1899 3789 2040 3871 literas.

1241 3912 1383 4002 Petivit
1399 3957 1417 4001 a
1434 3935 1538 4002 nobis
1560 3936 1685 4004 eximia
1703 3937 1833 4008 virtute
1853 3954 1887 4010 et
1900 3943 2063 4013 doctrina
2089 3949 2218 4035 praedi·

1241 4048 1297 4104 tus
1312 4029 1495 4126 Georgius
1508 4031 1676 4106 Dassias
1691 4037 1846 4109 Francus
1860 4044 2044 4132 publicum
2070 4052 2216 4120 testimo·

1239 4137 1338 4205 nium
1359 4139 1401 4204 de
1417 4137 1542 4203 studiis
1553 4162 1592 4205 ac
1608 4138 1698 4220 vita,
1715 4164 1820 4231 quam
1837 4147 1930 4234 apud
1945 4169 2010 4214 uos
2025 4149 2116 4237 egit,
2135 4153 2216 4244 quod

1182 4267 1192 4296 ν
1240 4238 1271 4305 ei
1295 4238 1493 4307 iustissimis
1509 4238 1552 4306 de
1574 4240 1686 4306 causis
1701 4241 1852 4311 libenter
1867 4247 2145 4335 impertiendum
2160 4255 2215 4321 du·

1238 4341 1363 4410 ximus.
1424 4337 1520 4407 Vixit
1544 4340 1637 4407 enim
1660 4343 1698 4408 in
1721 4346 1808 4411 urbe
1832 4359 1865 4413 et
1887 4342 2082 4419 Academia
2107 4368 2212 4422 nostra

1238 4453 1316 4510 octo
1334 4440 1437 4509 arinis
1454 4463 1491 4506 ea
1507 4440 1574 4509 lide
1589 4456 1622 4509 et
1638 4442 1852 4530 integritate,
1879 4461 1918 4516 ut
1933 4452 2054 4520 multis
2071 4455 2214 4524 honestis

1237 4557 1270 4611 et
1284 4541 1396 4610 doctis
1407 4536 1611 4610 hominibus
1626 4549 1717 4635 apud
1729 4569 1794 4614 nos
1810 4571 1883 4615 non
1899 4552 2015 4619 solum
2031 4554 2215 4639 familiaris,

1235 4648 1294 4712 sed
1313 4645 1416 4713 etiam
1435 4636 1562 4710 charus
1576 4645 1698 4723 fuerit,
1725 4640 2081 4746 honestissimamque
2097 4658 2212 4726 adlini-

1230 4759 1338 4814 tatem
1365 4743 1457 4832 apud
1481 4767 1546 4811 uos
1568 4745 1614 4838 sit
1628 4747 1785 4837 adeptus.
1835 4747 2050 4835 Acscimus,
2078 4782 2157 4827 eum
2180 4759 2214 4826 in

1234 4846 1358 4915 studiis
1382 4845 1557 4912 bonarum
1584 4847 1732 4930 artium,
1758 4850 1907 4943 quaein
1931 4850 2164 4949 Philosophia
2185 4875 2214 4930 et

1232 4947 1343 5016 literis
1366 4945 1609 5030 continentur,
1635 4947 1835 5019 felicissime
1857 4970 2035 5027 versatum
2060 4983 2153 5045 esse,
2181 4975 2215 5032 ut

1230 5050 1349 5118 dextre
1371 5047 1541 5135 explicare
1558 5071 1611 5116 res
1628 5049 1739 5120 bonas
1753 5064 1788 5121 et
1804 5057 2015 5124 necessarias
2029 5064 2143 5150 possit
2154 5063 2217 5134 La-

1230 5150 1303 5221 tine
1334 5161 1369 5218 et
1399 5146 1621 5222 Germanice.
1687 5146 1741 5220 Ac
1768 5155 1955 5247 praecipue
1976 5157 2218 5256 intelligimus,

1231 5333 1434 5348 ...ῃ

1263 5433 1294 5505 *J
1312 5435 1446 5508 Loquitur
1462 5434 1689 5492 decantantibus
1702 5434 1731 5490 in
1746 5435 1908 5510 Episcopstu
1923 5442 2101 5523 Merseburg.
