4882 6426
191 359 273 439 117

196 522 440 607 Tridentinae
477 514 600 599 cadim
633 514 717 615 περὶ
745 513 1006 613 δικαιοσύνης,
1047 520 1087 589 in
1114 542 1183 614 qua

196 634 284 705 boni
305 652 428 701 omnes
451 629 640 712 videbunt,
665 639 785 695 utrum
801 624 861 693 illa
877 621 1044 717 Synodus
1058 622 1187 692 verita-

197 749 269 805 tem
284 744 447 825 quaerat,
468 753 514 803 an
530 752 616 802 non.
651 725 958 818 Impudentissime
972 726 1189 793 damnarunt

198 833 389 909 sententias
418 832 566 909 maxime
594 828 807 899 necessarias
829 825 1008 897 Ecclesiae
1031 822 1119 908 Dei,
1148 848 1189 892 ac

198 937 328 1013 diserte
348 933 585 1024 scripserunt,
617 924 796 1025 ἀνάθεμα
819 951 910 1012 esse,
944 927 1006 1019 qui
1032 938 1189 996 statuunt

200 1060 238 1111 se
254 1058 327 1106 esse
341 1035 380 1104 in
394 1035 506 1124 gratia
520 1031 600 1106 Dei.

278 1159 496 1239 lucebimus
512 1157 752 1267 Camernrius
770 1161 941 1233 familiam
962 1184 1062 1233 suam
1076 1173 1193 1231 traus-

201 1272 298 1343 vexit
318 1271 359 1340 in
379 1262 505 1341 urbem
518 1264 737 1349 Erlordiam,
762 1278 797 1334 et
818 1263 871 1333 ibi
887 1276 1045 1333 veterum
1063 1262 1190 1333 amico-

200 1364 285 1446 rum
300 1370 555 1443 consuetudine
569 1369 637 1437 sibi
652 1364 864 1436 moestitiam
879 1365 979 1440 lenit.
1017 1356 1195 1431 Murcirio

11 1512 15 1519 ·
77 1510 84 1521 1
205 1470 379 1544 eilbertus
408 1494 531 1540 recens
564 1471 609 1538 ab
633 1465 745 1540 Elect.
771 1465 945 1537 Saronico
980 1480 1101 1556 captus
1131 1479 1194 1544 est,

204 1576 299 1670 qnod
324 1572 499 1643 audivisse
522 1586 556 1641 te
575 1570 715 1661 opinor.
763 1565 861 1637 Bene
883 1567 978 1646 vale,
1005 1580 1038 1635 et
1052 1564 1194 1635 scribito

204 1675 344 1768 saepius
358 1675 402 1743 ad
420 1696 496 1743 nos.
544 1670 684 1741 Literae
703 1669 800 1738 enim
817 1692 880 1762 per
896 1660 1096 1761 Georgium
1113 1659 1196 1736 Fu-

204 1775 311 1873 'giam
342 1774 436 1845 mitti
463 1784 621 1865 possunt.
687 1768 820 1840 lterum
849 1769 939 1840 vale.
998 1770 1034 1843 8.
1059 1768 1196 1841 Martii.

165 1964 168 1969 ,
204 1878 254 1952 l).
268 1870 470 1947 Fabricius
485 1875 549 1947 tibi
566 1875 714 1945 salutem
729 1885 838 1963 optat.

204 2089 1196 2126 W

1071 2252 1198 2322 &Mart

1064 2350 1197 2374 Μ

514 2418 566 2538 G.
597 2416 904 2532 Buchbolzero.

214 2652 217 2659 ·
295 2626 396 2685 Manlii
413 2624 513 2694 ἠως.
528 2639 556 2692 p.
574 2615 624 2674 401
642 2636 685 2690 sq.

221 2265 289 2338 No.
315 2263 427 2335 3772.

214 2360 427 2401 Μ

416 2785 623 2882 Georgia
657 2778 996 2856 Bucbholzero.

210 2926 256 3016 S.
280 2943 324 3014 D.
375 2935 741 3011 Reverendedomine
757 2926 905 3026 Georgi.
948 2929 1086 3019 Nuper,
1111 2952 1201 3019 quae

211 3040 390 3116 Breuiius
414 3040 518 3110 nobis
543 3038 700 3128 scripsit,
731 3035 799 3106 tibi
824 3032 1028 3124 significayi.
1078 3027 1203 3099 Postea

211 3146 392 3227 intellexi,
416 3144 593 3211 decretum
609 3138 760 3229 impium
777 3136 815 3203 in
830 3135 975 3228 Synodo
992 3129 1202 3201 Tridentina

213 3252 258 3318 de
275 3242 519 3315 iustificatione
534 3240 668 3310 editum
683 3260 768 3309 esse.
794 3234 948 3306 Articuli
965 3233 1100 3325 aliquot
1114 3226 1205 3299 mihi

213 3345 438 3425 missisunt,
467 3343 528 3409 sed
550 3351 691 3429 expecto
709 3338 904 3425 integrum,
929 3335 1025 3425 quod
1045 3333 1109 3401 tibi
1123 3333 1205 3399 mit-

214 3461 303 3520 tam:
335 3455 377 3514 ut
398 3440 560 3534 spiritum
578 3438 715 3532 synodi
736 3437 888 3529 probent
911 3428 968 3516 hi,
992 3433 1055 3526 qui
1075 3433 1207 3503 verita-

215 3563 287 3620 tem
308 3555 496 3641 quaernnt.
544 3539 647 3611 Unus
660 3539 829 3609 articulus
844 3549 912 3607 est:
938 3529 1136 3604 Auathema
1150 3534 1207 3614 sit,

215 3650 282 3743 qni
296 3644 417 3717 statuit
430 3666 466 3713 se
479 3665 552 3713 esse
566 3642 604 3709 in
622 3640 744 3731 gratia.
795 3636 865 3708 llic
878 3637 1048 3707 articulus
1063 3648 1114 3705 est
1127 3659 1206 3726 spe-

217 3751 331 3837 cimen
354 3745 543 3837 impietatis
558 3744 703 3812 illorum
719 3735 973 3832 sophistarum,
998 3736 1061 3830 qni
1078 3739 1208 3826 guber-

218 3863 308 3922 nant
322 3846 519 3943 Synodum.
570 3842 683 3914 Nobis
703 3864 829 3932 magna
844 3839 1038 3909 consolatio
1058 3850 1128 3923 est,
1153 3840 1208 3907 vi-

216 3955 382 4024 decenos
396 3949 436 4017 in
450 3970 532 4016 vera
546 3941 705 4014 Ecclesia
719 3966 809 4028 esse,
832 3941 970 4011 etiamsi
986 3939 1130 4009 saevitia
1145 3940 1209 4009 ad-

218 4050 455 4122 versariorum
474 4046 657 4129 subeunda
682 4058 752 4130 est,
779 4066 859 4115 cum
872 4041 1064 4112 adversarii
1079 4040 1209 4110 talibus

218 4151 369 4224 decretis
400 4149 591 4220 ostendunt
617 4168 653 4216 se
684 4169 757 4216 esse
788 4140 905 4215 hostes
928 4138 1106 4212 Ecclesiae
1131 4139 1211 4215 Dei.

219 4250 393 4327 Editurus
406 4273 486 4320 sum
499 4247 764 4332 refutationem,
788 4243 864 4317 Deo
880 4245 1034 4314 iuvante.

322 4380 456 4473 Scripsi
477 4379 569 4449 filio:
604 4391 640 4448 et
655 4378 832 4449 mitterem
847 4377 922 4470 ipse
936 4374 1152 4468 Homerum,
1180 4372 1209 4443 si

215 4489 262 4559 in
283 4484 416 4578 oppido
438 4484 560 4551 nostro
573 4503 694 4550 essem.
726 4503 767 4549 ac
781 4480 917 4550 mittam
932 4502 1038 4572 qnam
1054 4479 1208 4571 primum

222 4588 361 4657 rediero
381 4585 538 4653 domum.
587 4580 658 4652 Pro
677 4581 790 4673 porois
806 4604 869 4671 ago
885 4579 951 4649 tibi
964 4581 1106 4669 gratias.
1155 4575 1208 4650 Dc

219 4685 439 4768 maledictis,
465 4683 509 4754 de
531 4683 661 4777 quibus
682 4682 866 4774 scripsisti,
890 4704 1005 4772 nuper
1017 4679 1084 4750 tibi
1100 4678 1208 4768 signi-

223 4787 325 4857 ficavi
344 4808 401 4853 me
422 4784 517 4852 nolle
531 4786 624 4853 rixas
638 4783 796 4873 publicas
811 4805 947 4871 augere.
997 4777 1210 4851 Clarissimis

222 4887 308 4958 viris
332 4884 478 4955 domino
501 4874 761 4968 Concellarin,
790 4896 825 4953 et
847 4882 995 4953 domino
1019 4874 1210 4974 Gregorio,

223 5002 259 5060 et
278 4986 431 5075 collegae
453 4999 514 5056 tuo
535 4986 682 5055 salutem
700 4996 801 5075 opto:
827 5007 953 5076 meque
968 4982 1018 5052 eis
1031 5004 1209 5064 commen-

221 5092 317 5162 dato.
368 5084 464 5179 Beue
478 5086 572 5174 vale,
595 5085 633 5162 8.
647 5082 783 5159 Martii.
1179 5142 1183 5151 .

736 5180 924 5279 Philippus
937 5178 1162 5258 Melanthea.

793 270 1252 459 nrrsrorauuux
1288 340 1465 424 nlnx
1517 342 1653 423 esst.

2159 342 2236 416 tta

1255 517 1322 593 No.
1343 519 1456 592 sm.
2099 518 2239 647 Q

1453 706 1653 800 Maiori?
1682 731 1747 794 an
1771 707 2035 821 Crucigero?

1310 883 1386 938 Edita
1409 904 1438 938 er
1461 884 1617 956 apographo
1642 883 1669 937 iu
1689 880 1784 937 codiee
1803 878 1924 953 Guelph.
1941 881 1971 935 in
1990 881 2045 937 tto.
2071 881 2125 938 No.
2137 883 2183 939 20.
2197 878 2237 936 15.

1345 954 1559 1007 allsllenstadtio
1573 971 1633 1023 epp.
1646 952 1712 1004 Mel.
1727 951 1783 1005 1.7.
1799 981 1836 992 -
1854 949 2016 1021 Apograpbs
2030 952 2057 1003 in
2070 953 2135 1009 cod.
2150 950 2236 1005 Goth.

1347 1021 1408 1144 Eho·
1414 1021 1633 1162 &¹8³.÷3md.
1647 1019 1733 1078 Goth.
1747 1016 1807 1075 ttt.
1823 1037 1851 1090 p.
1861 1018 1931 1073 tob.
1949 1029 1976 1073 et
1991 1019 2054 1076 cod.
2067 1018 2236 1078 Momm·

1246 1250 1444 1350 Georgia
1468 1220 1713 1352 Maiori¹).
1758 1243 1913 1352 (Casp.
1939 1247 2239 1356 Crucigero?)

1247 1401 1402 1493 Gratius
1426 1444 1490 1511 ago
1504 1420 1578 1493 Deo
1602 1434 1746 1490 aeterno
1764 1419 1856 1512 patri
1875 1420 2012 1490 domini
2028 1422 2143 1493 nostri
2159 1420 2239 1493 lesu

1247 1520 1398 1608 Christi,
1428 1517 1605 1591 conditori
1629 1518 1806 1591 Ecclesiae
1834 1544 1934 1605 suae,
1965 1546 2037 1592 una
2061 1548 2142 1595 curn
2164 1524 2265 1594 lilio.

1248 1650 1311 1695 suo
1335 1625 1541 1708 coaeternb,
1565 1623 1710 1692 domino
1726 1638 1848 1694 nostro
1867 1621 1894 1693 l.
1907 1620 1967 1708 C„
1992 1624 2155 1696 crucifixo
2171 1647 2240 1717 pro

1247 1726 1352 1796 nobis
1369 1738 1403 1795 et
1416 1724 1640 1804 resuscitato,
1667 1736 1701 1793 et
1715 1722 1865 1815 Spiritui
1884 1736 2016 1813 sancto,
2039 1728 2134 1821 quod
2149 1720 2238 1796 hac-

1248 1841 1350 1897 tenus
1377 1838 1431 1897 tot
1458 1848 1569 1893 annos
1590 1824 1754 1914 repressit
1776 1824 1910 1893 diaboli
1931 1825 2068 1899 furores
2086 1826 2241 1898 incitan-

1249 1929 1294 2000 tis
1310 1924 1339 2023 ²)
1363 1948 1460 2015 reges
1481 1940 1517 1995 et
1533 1925 1710 2017 principes
1734 1938 1856 1995 contra
1876 1921 2072 2010 Ecclesiae,
2096 1929 2137 1996 in
2158 1927 2238 2021 qui-

1249 2032 1316 2100 bus
1332 2025 1360 2123 ³)
1383 2051 1450 2096 vox
1465 2023 1651 2114 Evangelii
1670 2039 1790 2111 sonat,
1816 2028 1980 2120 quodque
1995 2030 2147 2120 protexit
2162 2026 2245 2099 Du·

1250 2155 1326 2201 cem
1350 2125 1523 2198 Senoniae
1545 2124 1763 2211 Electorcm,
1793 2121 1974 2197 loannem
1997 2122 2246 2213 Fridericum,
2292 2210 2295 2215 Ι

1251 2244 1286 2302 ει
1306 2238 1403 2299 nunc
1427 2229 1547 2298 docuit
1568 2250 1694 2297 manus
1718 2228 1860 2298 eiusad
1883 2230 2075 2320 proelium,
2105 2243 2141 2300 et
2160 2228 2243 2301 utili

1250 2330 1398 2402 victoria
1413 2327 1444 2426 ⁴)
1471 2353 1552 2400 eum
1572 2329 1725 2402 ornavit.
1793 2325 1908 2399 Credo
1931 2332 2050 2421 magni
2071 2329 2244 2402 momenti

1250 2458 1326 2503 rem
1341 2455 1424 2502 esse.
1476 2429 1662 2522 Quispiam
1677 2453 1792 2521 nuper
1807 2427 1897 2500 mihi
1909 2433 2067 2524 scripsit,
2089 2432 2127 2500 in
2142 2455 2244 2502 exer-

1252 2536 1322 2606 citu
1346 2531 1565 2623 Cappadocis
1582 2529 1796 2602 Lateranum
1810 2529 1839 2626 ⁸)
1860 2530 1995 2601 Ducem
2017 2532 2164 2616 dixisse,
2189 2533 2243 2601 el·

1251 2637 1406 2706 iussuros
1428 2657 1464 2702 se
1480 2624 1643 2700 Lutheri
1664 2656 1791 2723 corpus
1812 2647 1846 2702 et
1868 2634 2066 2703 obiectaros
2085 2635 2244 2723 capibus,

1254 2761 1292 2806 ac
1306 2734 1517 2804 nominatim
1534 2733 1661 2802 dixisse
1678 2734 1722 2803 de
1736 2735 1956 2804 trucidandis
1976 2728 2100 2817 nobis,
2125 2732 2244 2805 Reve-

1251 2826 1364 2906 rendo
1381 2833 1428 2905 D.
1442 2834 1601 2918 Pastore,
1626 2847 1660 2903 te
1683 2847 1717 2904 et
1735 2858 1801 2904 me.
1851 2833 1932 2905 Nun
1949 2837 2094 2918 dubito,
2119 2836 2244 2904 diabo-

1254 2938 1329 3007 lum
1347 2935 1510 3005 insidiari
1526 2949 1666 3004 nostrae
1680 2936 1786 3021 vitae,
1799 2937 1861 3026 sed
1880 2937 2049 3008 custodiet
2065 2958 2130 3004 nos
2147 2933 2244 3005 Deus

1255 3051 1418 3109 aeternus
1441 3050 1540 3128 pater
1553 3035 1702 3106 Domini
1725 3036 1838 3107 nostri
1858 3034 1886 3110 l.
1903 3035 1963 3122 C„
1993 3036 2053 3129 qui
2076 3051 2129 3107 est
2147 3037 2245 3107 testis

1256 3139 1449 3209 voluntatis
1470 3152 1609 3208 nostrae
1632 3150 1713 3227 erga
1733 3132 1945 3222 Ecclesiam,
1968 3162 2074 3230 quem
2095 3151 2245 3222 oro,sut

1255 3237 1454 3310 Electorcm
1472 3253 1506 3309 et
1521 3237 1712 3327 exercitum
1728 3237 1802 3307 eius
1817 3240 2007 3331 gubernet,
2032 3239 2198 3309 defendat
2212 3252 2246 3310 et

1257 3342 1411 3414 adiuvet.
1443 3337 1502 3408 Aa
1519 3353 1705 3432 utramque
1722 3339 1904 3429 epistolam
1920 3334 1951 3433 ⁸)
1967 3340 2084 3409 iudico
2099 3363 2245 3430 respou-

1251 3442 1414 3512 dendum
1430 3464 1504 3510 esse
1519 3437 1693 3522 Electori,
1718 3453 1753 3509 ει
1766 3440 1822 3508 vel
1836 3464 1912 3510 cras
1926 3441 2075 3521 mittam,
2101 3440 2157 3508 vel
2174 3440 2247 3530 ipse

1257 3543 1410 3616 veniam.
1445 3540 1535 3612 Nam
1553 3536 1621 3611 hoc
1635 3541 1745 3611 biduo
1762 3552 1797 3611 et
1812 3541 1972 3630 coniugis
1991 3557 2026 3614 et
2038 3541 2167 3611 filiolae
2181 3541 2247 3610 ad·

1258 3667 1359 3714 versa
1373 3643 1575 3712 valetudiue
1590 3654 1745 3712 retentus
1760 3666 1850 3715 sum.
1890 3633 2093 3739 Casparem
2109 3638 2140 3736 ⁷)
2156 3641 2249 3711 filio-

1258 3745 1335 3815 lum
1349 3744 1498 3814 feliciter
1512 3743 1752 3813 convalescere
1766 3765 1882 3834 spero,
1908 3743 2161 3837 ingeniumque
2172 3742 2249 3813 eius

1259 3869 1387 3936 magno
1408 3846 1489 3915 usui
1508 3847 1583 3914 fore
1599 3844 1832 3935 reipublicae.
1881 3841 1928 3914 Et
1950 3845 2104 3936 profecto
2123 3856 2249 3935 optan-

1260 3947 1347 4017 dum
1368 3960 1438 4030 est,
1471 3958 1511 4016 ut
1526 3944 1622 4015 Deus
1638 3945 1757 4038 aliqua
1773 3946 1866 4014 bona
1883 3946 2025 4035 ingenia
2041 3948 2085 4016 ad
2101 3943 2250 4037 posteri-

1261 4061 1370 4119 tatem
1385 4059 1510 4120 servet.
1553 4044 1651 4114 Bene
1669 4046 1757 4119 vale.
1787 4044 1855 4116 Die
1870 4047 1905 4122 9.
1921 4045 2056 4122 Martii.
2090 4045 2249 4117 Salutem

1261 4162 1345 4240 opto
1369 4148 1521 4236 collegae
1543 4144 1591 4219 R.
1611 4158 1646 4217 et
1664 4145 1873 4243 carissimis.¹
1928 4146 2017 4218 Tibi
2037 4147 2167 4239 gratias
2186 4167 2247 4237 ago

1261 4250 1365 4321 toties
1381 4249 1562 4320 scribenti.

1296 4524 1324 4593 1)
1342 4522 1413 4577 cod.
1425 4519 1508 4576 Goth.
1524 4519 1582 4577 190.
1601 4518 1729 4586 Carpere
1743 4517 1907 4588 moenere,
1923 4516 2039 4573 roam
2049 4518 2162 4576 rectius.

1295 4624 1412 4697 nihil.
1428 4625 1579 4678 irretenteb.
1606 4622 1611 4635 “

1296 4724 1327 4791 s)
1347 4700 1415 4777 coi.
1432 4720 1514 4776 con.
1528 4721 1587 4775 seo.
1599 4730 1626 4773 a
1640 4718 1700 4783 191.
1719 4716 1873 4773 masam
1886 4718 1917 4770 n
1931 4733 1996 4784 aaa.

1296 4824 1324 4893 4)
1343 4824 1386 4879 sd
1400 4823 1530 4894 oppidum
1544 4818 1685 4890 lloclrlits,
1711 4818 1765 4874 rid.
1778 4836 1820 4889 ep.
1836 4814 2091 4872 marcoardus
2105 4816 2189 4873 biart.

1297 4924 1326 4993 6)
1348 4923 1416 4978 cot.
1430 4919 1514 4975 Goth.
1529 4919 1587 4972 191.
1604 4924 1632 4972 et
1650 4913 1712 4971 cod.
1728 4914 1809 4968 Mon.
1823 4911 1867 4967 90.
1885 4912 2090 4968 lutherum.
2126 4914 2254 4972 Ballnst.

1331 4991 1416 5048 edidit
1427 5008 1458 5043 ex
1471 4991 1534 5043 cod.
1548 4984 1683 5057 Guelph.s
1700 4982 1809 5036 Ducem
1820 4982 1859 5037 Ν.

1297 5093 1328 5161 6)
1347 5086 1494 5160 Epistulam
1504 5081 1636 5138 Electoris
1649 5079 1676 5134 d.
1685 5079 1711 5135 d.
1725 5077 1843 5135 &Mart
1855 5089 1883 5134 et
1894 5077 1955 5135 d.d.
1968 5043 2085 5137 littae.
2096 5079 2176 5136 lenius
2184 5080 2259 5143 nni.

1298 5176 2260 5312 teaaeanaacaecwae
