4882 6426
785 317 1226 405 telsrouattttu

864 503 898 570 4.
913 499 977 564 u...
992 498 1192 581 (senescat.)

898 598 1166 631 Μ

196 331 272 419 848

196 504 263 576 Νο.
281 502 395 575 8888.

206 599 378 632 Μ

469 701 620 789 Ιοαοίι.
653 698 914 788 Camerario.

267 859 352 932 Epist.
367 859 400 913 ad
416 857 555 915 Comeret.
574 879 601 931 p.
613 860 674 914 588.
692 860 746 927 (ed.
759 859 846 917 bend.
862 859 909 915 lib.
923 858 971 915 lV.
991 877 1034 930 ep.
1048 856 1132 925 tm).

201 1013 426 1091 Clarissimo
452 1017 530 1088 uiro
553 1015 756 1089 eruditione
780 1028 811 1088 et
836 1017 965 1088 uirtute
985 1013 1196 1114 praestanti

251 1117 280 1190 Ι
285 1116 409 1196 uach.
435 1110 557 1196 Cam.
584 1122 704 1192 amico
730 1130 760 1190 et
779 1118 907 1220 fratri
930 1144 997 1190 suo
1017 1117 1145 1192 cariss.

201 1268 248 1361 S·
275 1283 320 1359 D.
377 1282 458 1355 Etsi
484 1309 560 1354 sero
583 1283 741 1352 fortassis
766 1307 914 1368 moneo,
955 1295 1073 1376 tamen
1101 1276 1196 1349 bunc

201 1413 320 1460 meum
337 1388 508 1456 nuncium
525 1387 622 1470 misi,
648 1410 754 1479 quem
771 1385 847 1453 sine
871 1384 1029 1476 periculo
1053 1408 1116 1475 per
1135 1405 1196 1471 ag-

203 1491 299 1559 mina
312 1487 530 1557 Hunnorum
544 1488 715 1580 equitum,
742 1503 775 1558 et
791 1488 943 1556 aliorum
958 1487 1112 1555 militum
1128 1486 1197 1560 iter
1224 1527 1226 1531 ·

192 1593 315 1662 ¹lacere
337 1613 437 1681 posse
459 1590 667 1661 arbitrabar.
733 1587 949 1682 Quanquam
970 1586 1032 1679 per
1055 1588 1196 1657 Princi-

204 1719 283 1787 pem
304 1686 524 1773 Ascanium,
562 1693 623 1784 qui
654 1693 691 1758 in
714 1692 834 1759 castris
855 1707 905 1761 est
928 1687 1123 1773 Electoris,
1160 1703 1196 1760 ,et

202 1819 265 1887 per
279 1790 454 1863 Comitem
472 1789 778 1882 Oldenburgium,
813 1794 925 1886 quite
947 1808 1091 1884 propter
1116 1817 1197 1860 eru-

204 1897 378 1966 ditionem
399 1897 666 1986 complectetur,
701 1918 801 1985 spero
819 1895 973 1986 potuisse
990 1894 1126 1984 perfici,
1152 1917 1196 1961 ne

199 1999 293 2091 *quid
316 2022 334 2066 a
359 2012 392 2067 te
415 2000 470 2065 vel
500 2000 659 2088 principe
681 1989 842 2088 Georgia
870 2009 1063 2087 peteretur,
1101 1998 1196 2088 quod

92 2175 102 2179 ,
205 2100 376 2191 gravatim
402 2100 528 2168 facturi
551 2100 686 2182 essetis,
726 2113 845 2168 tamen
870 2099 1014 2181 dubito,
1055 2110 1095 2166 ut
1121 2098 1197 2165 istic

206 2224 348 2269 manere
368 2201 571 2293 potueritis,
606 2215 643 2270 tu
668 2215 702 2270 et
719 2198 897 2290 PrInceps.
948 2197 1050 2268 Certe
1073 2195 1198 2294 ἀσφα-

207 2297 376 2397 λέστερον
392 2316 443 2371 est
459 2302 497 2369 in
513 2298 577 2372 hac
595 2303 723 2372 vicinia
740 2303 778 2369 in
794 2301 935 2393 oppidis
952 2299 1198 2384 Ascaniorum,

206 2399 274 2473 hoc
291 2417 448 2495 tempore
467 2427 549 2475 esse.
602 2402 722 2492 Quare
739 2420 778 2475 ut
794 2404 851 2471 vel
866 2402 1032 2487 Dessam,
1058 2404 1113 2472 vel
1129 2399 1197 2471 buc

206 2501 412 2575 transvehas
430 2505 602 2575 familiam
620 2507 746 2575 iterum
764 2520 796 2574 tc
819 2500 1008 2588 adhortor,
1040 2519 1072 2574 et
1092 2500 1198 2573 hodie

207 2601 410 2700 διαρρήδην
426 2620 457 2676 te
472 2607 638 2677 invitavit
653 2606 821 2698 Princeps
838 2600 1047 2687 Iohannes,
1074 2631 1199 2699 meque

128 2782 131 2786 ,
207 2722 247 2780 ut
262 2710 327 2779 tibi
344 2710 380 2777 id
398 2709 628 2797 significarem
644 2710 757 2783 iussit.
797 2709 911 2778 Video
930 2724 963 2779 te
977 2710 1114 2798 magnis
1133 2711 1199 2777 do-

207 2811 344 2880 loribus
367 2811 579 2895 conflictari,
606 2813 734 2904 quibus
755 2809 851 2881 Deus
873 2807 970 2881 haud
993 2812 1101 2880 dubie
1123 2834 1200 2878 me-

207 2913 368 2997 debitur,
396 2936 499 3005 quem
517 2914 588 2983 scio
603 2937 678 2982 non
694 2915 916 2983 deserturum
927 2910 1023 2983 hunc
1037 2926 1199 2982 nostrum

208 3038 346 3105 gregem
364 3011 622 3088 scholasticum.
648 3014 737 3084 Nota
755 3031 837 3086 sunt
854 3031 969 3086 autem
987 3016 1052 3084 tibi
1066 3015 1216 3100 omnia,

207 3141 297 3210 quae
313 3141 387 3185 non
408 3116 523 3187 solum
539 3142 557 3186 a
574 3112 795 3209 philosophis
814 3120 857 3187 de
877 3118 1068 3187 tolerandis
1082 3117 1201 3187 fatali-

207 3218 275 3287 bus
290 3219 446 3287 motibus
470 3221 679 3303 traduntur,
712 3220 895 3289 sedetiam
917 3244 1007 3313 quac
1025 3219 1200 3290 divinitus

209 3321 387 3411 proposita
403 3332 485 3389 sunt
499 3323 542 3387 de
564 3321 676 3389 causis
692 3316 928 3389 humanarum
951 3319 1199 3406 calamitatum,

209 3436 243 3493 et
258 3421 351 3488 veris
373 3421 549 3489 remediis.
600 3420 640 3491 Si
664 3411 819 3490 hnmana
840 3436 1045 3510 argumenta
1062 3423 1199 3512 colligi-

209 3546 307 3608 mus,
346 3523 426 3613 plus
449 3523 597 3614 periculi
617 3537 669 3592 cst
687 3521 845 3594 Electori
868 3524 999 3593 eteius
1024 3525 1199 3612 gentibus,

210 3648 316 3718 quam
340 3624 443 3693 alteri
468 3624 571 3716 parti.
622 3623 740 3694 Habet
764 3627 859 3695 enim
882 3627 971 3696 alter
995 3623 1023 3720 ¹)
1049 3619 1199 3719 συμμά-

205 3751 298 3818 χους
313 3739 491 3818 potentes,
524 3727 686 3795 ardentes
708 3729 791 3796 odio
815 3751 955 3798 caussae
974 3741 1009 3797 et
1031 3725 1197 3803 hominis.

209 3824 258 3897 Et
275 3843 395 3898 noster
409 3828 540 3897 multos
554 3825 740 3923 alienat²),
766 3854 830 3898 nec
843 3827 1027 3922 illudCyri
1041 3854 1198 3922 unquam

210 3929 391 4019 cogitavit:
419 3924 605 4023 θηρατέον
619 3922 857 4022 συμμάχους,
886 3927 1047 4029 ἀγαθοῖς
1060 3927 1123 4002 καὶ
1137 3925 1199 4003 λό-

209 4056 307 4129 γοις,
333 4027 396 4101 καὶ
410 4029 539 4128 ἔργοις.
592 4030 755 4124 Denique
770 4047 862 4102 astra
878 4046 1007 4105 metuo.
1035 4032 1106 4103 Sed
1117 4059 1197 4103 cum

209 4131 306 4202 Deus
329 4133 529 4223 promiserit
553 4156 588 4201 se
603 4131 778 4203 Ecclesias
799 4149 1019 4204 servaturum
1039 4159 1131 4216 esse,
1164 4148 1198 4206 et

210 4233 260 4304 eis
280 4234 397 4327 aliqua
421 4235 674 4306 attributurum
696 4231 869 4328 hospitia,
903 4251 1062 4327 petamus
1083 4251 1117 4306 et
1140 4262 1198 4305 ex-

209 4351 386 4428 pectemus
410 4361 430 4406 a
452 4339 517 4406 deo
540 4338 731 4422 auxilium,
758 4339 815 4407 vel
834 4339 864 4407 si
883 4339 1012 4408 fractus
1031 4339 1199 4408 illabatur

211 4438 318 4512 orbis.
357 4437 397 4510 si
414 4454 446 4508 te
459 4434 718 4508 Oeconomicae
736 4465 838 4511 curae
854 4454 1034 4524 exercent,
1060 4443 1125 4511 deo
1141 4441 1198 4510 iu-

210 4556 332 4623 vante,
362 4541 516 4610 remedia
538 4541 775 4615 invenientur.
827 4540 898 4614 Sed
920 4539 987 4612 boc
1010 4543 1125 4633 ipsum
1148 4557 1199 4612 cst

209 4641 395 4725 miserum,
420 4655 575 4734 spectare
593 4657 729 4713 tantum
749 4645 899 4735 patriae,
925 4658 958 4715 et
976 4669 1096 4713 carum
1111 4645 1198 4713 civi-

209 4754 339 4827 tatum,
372 4767 458 4834 quas
479 4745 587 4812 simili
604 4769 740 4829 amore,
765 4760 806 4815 ut
821 4746 971 4836 patriam
995 4746 1197 4836 complecti-

208 4867 305 4929 mur,
330 4845 545 4919 incendium.
594 4843 660 4916 Est
680 4848 841 4922 omnino.
892 4846 963 4918 Sed
984 4861 1101 4916 tamen
1121 4850 1199 4919 vult

207 4943 323 5028 Deus,
349 4959 389 5016 ut
401 4946 539 5015 animos
553 4970 572 5014 a
588 4948 768 5018 moesticia
783 4951 1009 5035 abducamus,
1029 4963 1063 5020 et
1077 4949 1196 5043 aliquo

206 5048 313 5117 modo
330 5048 367 5116 in
383 5048 620 5140 expectatione
636 5050 770 5120 celestis
785 5052 908 5123 auxilii
927 5050 1197 5145 acquiescamus.
1268 5085 1276 5101 ·

207 5145 406 5221 Meministi
420 5151 515 5220 enim
531 5149 635 5221 Pauli
651 5177 790 5222 vocem:
823 5148 846 5248 ἡ
870 5145 994 5251 εῑρήνη
1014 5157 1083 5226 τοῦ
1101 5152 1198 5226 θεοῦ

140 5416 142 5423 “
239 5426 271 5495 l)
289 5423 444 5479 Mauritius.

234 5511 266 5578 2)
283 5510 453 5582 „insolentia
468 5508 632 5568 Electoris.'’
648 5511 680 5570 C.
695 5509 755 5566 W.

2154 318 2250 394 ’884

1244 487 1516 589 ήὺνιερέχουσα
1538 486 1663 565 πάντα
1685 498 1797 578 νοῦν,
1831 485 2035 591 φρουρήσει
2059 484 2127 572 τὰς
2150 515 2248 588 καρ-

1244 590 1328 677 δίας
1342 594 1473 692 ὑμῶν,
1506 592 1632 668 καὶτὰ
1653 589 1823 690 νοήματα
1846 593 1956 689 ὑμῶν
1975 594 2015 667 ἐν
2026 597 2171 687 χριστῶ
2186 594 2247 688 8η-

1245 705 1326 773 σοῦ.
1394 699 1432 771 si
1455 702 1608 769 fatemur
1631 700 1884 789 promissiones
1908 692 2048 768 divinas
2073 721 2148 766 non
2170 718 2247 769 esse

1246 803 1383 887 irritas,
1424 803 1546 895 aliquo
1577 803 1684 870 modo
1717 801 1756 869 in
1787 801 1838 869 eis
1862 800 2157 895 acquiescendum
2181 813 2244 875 est.

1245 902 1398 989 Desino,
1431 931 1471 974 ac
1494 904 1627 975 litteras
1654 918 1731 973 tuas
1754 918 1908 994 expecto.
1960 901 2056 972 Deus
2079 915 2246 973 aeternus

1246 1023 1344 1097 pater
1366 1007 1504 1077 domini
1533 1006 1645 1075 nostri
1670 1004 1750 1074 lesu
1773 1002 1907 1076 Christi
1932 1019 1965 1075 te
1995 1017 2030 1073 et
2055 997 2245 1078 honestiss.

1245 1123 1342 1178 tuam
1361 1110 1547 1198 coniugem
1564 1123 1598 1178 ct
1613 1108 1754 1181 dulciss.
1773 1109 1905 1178 liberos
1921 1119 2045 1178 servet.
2084 1104 2171 1180 llll.
2188 1104 2247 1178 le-

1247 1236 1376 1282 nuaru.

1281 321 1391 393 mu
1424 321 1473 397 x,
1525 318 1659 419 1547.

1904 1303 2000 1378 Phil.
2016 1305 2195 1385 Melanch.

1245 1680 1312 1754 Νο.
1327 1681 1443 1756 8689.

1254 1780 1426 1811 m

2101 1692 2134 1755 6.
2147 1684 2216 1754 Ian.

2063 1776 2235 1807 w

1587 1869 1677 1952 Ιαο.
1694 1846 1903 1951 Μίίίοίιίο.

1316 2024 1401 2099 upra,
1418 2025 1467 2081 us.
1480 2026 1517 2086 u.
1537 1984 1944 2098 p.451.(eeir.tose.tts.1r.
1964 2020 2102 2093 estre).

1474 2176 1532 2250 D.
1560 2176 1735 2249 Iacobo
1771 2168 2010 2248 Milichie.

1248 2311 1290 2400 S.
1313 2326 1357 2401 D.
1408 2327 1498 2397 Heri
1524 2331 1664 2399 rediens
1686 2354 1763 2397 mea
1789 2328 1945 2397 coniunx
1968 2350 2009 2395 ex
2026 2325 2160 2417 oppido
2176 2350 2242 2397 no-

1247 2449 1337 2514 stro,
1363 2426 1455 2499 nibil
1474 2433 1593 2503 attulit
1609 2432 1679 2499 nisi
1696 2431 1823 2499 calculi
1839 2430 1979 2498 dolores
1998 2430 2082 2497 satis
2097 2442 2242 2514 atroces,

1248 2549 1282 2603 et
1295 2532 1500 2602 fasciculum
1513 2535 1714 2616 literarum,
1749 2534 1787 2600 in
1809 2557 1879 2624 quo
1897 2526 1982 2599 baec
1996 2530 2064 2600 luit
2078 2527 2242 2621 Epistola

1249 2637 1315 2706 tibi
1329 2635 1507 2727 inscripta.
1559 2633 1638 2706 Etsi
1651 2649 1767 2704 autem
1783 2659 1843 2703 vos
1858 2632 2099 2725 expectabam,
2122 2645 2241 2702 tamen

1246 2739 1338 2807 istuc
1352 2761 1470 2806 mcum
1487 2732 1757 2807 Adolescentem
1777 2737 1876 2820 misi,
1908 2749 1946 2805 ut
1964 2735 2082 2804 literas
2097 2734 2155 2803 vel
2174 2735 2241 2805 tibi

1249 2840 1306 2908 vel
1324 2840 1466 2928 coniugi
1484 2854 1564 2911 tuae
1579 2836 1847 2910 honestissimae
1859 2840 2039 2922 redderet,
2064 2837 2122 2906 cui
2135 2839 2240 2908 credo

1248 2938 1341 3012 hanc
1362 2937 1575 3035 μετοίκησιν
1590 2945 1773 3012 molestam
1793 2965 1877 3013 esse.
1929 2934 2090 3009 Macedo
2106 2939 2241 3027 gravis-

1249 3039 1435 3113 simemibi
1448 3044 1586 3136 scripsit
1600 3048 1643 3114 de
1660 3046 1702 3115 iis
1717 3042 1998 3135 impedimentis,
2018 3065 2108 3135 quae
2124 3042 2240 3132 ipsum

1248 3150 1292 3216 ad
1309 3141 1532 3214 Danubium
1549 3161 1723 3217 remorata
1740 3160 1833 3225 sunt,
1861 3158 1894 3214 et
1911 3146 1955 3213 de
1970 3144 2166 3235 pertinacia
2181 3168 2240 3214 co-

1248 3263 1453 3339 gnatorum,
1493 3250 1587 3318 inter
1612 3255 1706 3341 quos‘
1720 3272 1840 3339 pacem
1867 3248 1980 3315 facere
2006 3259 2153 3316 conatus
2179 3260 2241 3317 est.

1247 3350 1369 3419 Vincit
1386 3351 1493 3438 igitur
1508 3351 1560 3419 vis
1577 3352 1657 3435 fati,
1680 3352 1776 3443 quod
1791 3363 1894 3439 saepe
1911 3349 2030 3420 metui.
2068 3343 2146 3437 Ego
2165 3345 2239 3419 Deo

1248 3467 1284 3522 et
1297 3449 1513 3538 Ecclesiam,
1534 3467 1566 3522 et
1583 3467 1703 3523 nostra
1719 3451 1858 3540 agmina
1875 3476 1964 3542 quae
1979 3474 2060 3540 pars
2076 3449 2239 3521 suntEe

1248 3555 1390 3637 clesiae,
1417 3556 1638 3628 commendo.
1687 3552 1849 3644 Cumque
1867 3554 2059 3621 moderatis
2081 3554 2239 3623 consiliis

1248 3657 1385 3748 inpare
1403 3681 1476 3725 non
1493 3657 1599 3727 fuerit
1622 3658 1738 3740 locus,
1763 3656 1881 3725 minus
1904 3654 2015 3723 miror
2031 3679 2129 3725 nunc
2143 3678 2238 3725 sum-

1248 3759 1316 3850 ptis
1341 3759 1448 3828 armis
1470 3783 1544 3828 non
1565 3759 1682 3828 audiri
1704 3781 1780 3841 eos,
1814 3756 1876 3849 qui
1899 3757 2047 3826 mallent
2070 3771 2238 3851 utrosque

1248 3860 1383 3951 aliquid
1408 3863 1452 3930 de
1481 3884 1544 3930 suo
1568 3861 1644 3932 iure
1674 3860 1869 3943 remittere,
1909 3883 2016 3951 quam
2040 3859 2238 3949 parricidiis

1247 3961 1406 4053 polluere
1420 3963 1580 4054 patriam.
1630 3961 1732 4032 Nosti
1755 3961 1864 4044 illud,
1888 3956 1952 4031 καὶ
1971 3965 2064 4040 ναῦς
2083 3955 2160 4058 γὰρ
2182 3961 2239 4035 ἔν-

1246 4089 1294 4135 τα
1314 4063 1425 4135 θεῖσα
1441 4061 1533 4158 πρὸς
1549 4058 1641 4159 βίαν
1656 4059 1744 4136 nodi
1764 4061 1924 4158 ἔβαψεν,
1958 4059 2043 4156 ἔστη
2060 4058 2097 4134 d'
2125 4056 2238 4147 αὖθις

1247 4161 1293 4258 ἢν
1314 4170 1415 4257 χαλᾶ
1436 4161 1554 4250 acida,
1584 4168 1686 4258 μισεῖ
1696 4160 1772 4262 γὰρ
1797 4160 1816 4235 ὅ
1839 4160 1928 4244 θεὸς
1944 4160 2011 4245 τὰς
2026 4163 2127 4263 ἄγαν
2147 4193 2237 4263 προ·

1247 4263 1391 4359 θυμίας
1401 4273 1552 4359 μισοῦσι
1568 4264 1606 4339 d'
1625 4263 1742 4340 ἀστοὶ.
1793 4265 1864 4336 Sed
1884 4263 2237 4361 haecSycopbantae,

1247 4372 1309 4462 qui
1331 4386 1469 4441 armant
1484 4370 1692 4461 Principum
1717 4371 1873 4451 furores,
1898 4393 1972 4436 non
1994 4383 2131 4444 curant.
2182 4368 2236 4446 Ex

1246 4465 1384 4568 Lipsia
1400 4469 1702 4544 scribitBonerus
1716 4471 1835 4542 omnia
1852 4472 1890 4538 in
1905 4471 2061 4560 collegiis
2072 4473 2124 4541 ibi
2141 4496 2235 4545 nuuc

1246 4578 1291 4643 ad
1309 4577 1507 4665 exemplum
1523 4570 1800 4668 Wtebergense
1816 4573 1910 4657 fieri,
1936 4573 2107 4666 reliquiae
2125 4570 2237 4645 Scho-

1246 4677 1300 4746 lae
1317 4692 1531 4746 secesserunt
1548 4678 1584 4745 in
1600 4679 1770 4771 oppidum
1787 4668 1977 4768 Mysiam.
2019 4669 2235 4747 Inachimus

1247 4766 1487 4848 Camerarius
1523 4780 1694 4848 familiam
1731 4777 1923 4848 transvexit
1953 4779 1999 4845 ad
2035 4776 2236 4870 Principem

1247 4874 1458 4973 Georgium.
1518 4879 1596 4972 lpse
1619 4906 1665 4949 an
1687 4881 1782 4972 apud
1808 4872 2011 4949 Ascanium
2035 4878 2238 4973 Principem

1247 4985 1430 5066 manserit,
1464 4985 1627 5052 nondum
1648 4984 1732 5055 scio.
1784 4979 1855 5052 Sed
1876 4977 1955 5051 heri
1977 4984 2021 5050 ad
2045 5005 2128 5051 eum
2141 5007 2238 5052 nun·

1246 5109 1339 5155 crum
1366 5085 1456 5153 misi.
1506 5081 1561 5152 Dc
1583 5084 1728 5154 caeteris
1748 5083 1855 5153 rebus
1876 5083 2026 5174 optarim
2041 5108 2105 5153 vos
2126 5086 2239 5156 collo-

1246 5187 1328 5280 qui,
1361 5211 1400 5255 ac
1421 5186 1491 5254 nisi
1513 5187 1700 5257 adfuturus
1724 5208 1779 5268 es,
1820 5185 1910 5254 istuc
1932 5187 1978 5255 ad
2002 5208 2064 5253 vos
2084 5187 2240 5258 veniam·

1245 5286 1342 5359 Bene
1358 5288 1436 5358 vale
1452 5302 1484 5359 et
1498 5290 1660 5362 rescribe.
1683 5287 1752 5359 Die
1768 5283 1804 5360 5.
1813 5285 1981 5365 Ianuarii.
2007 5281 2118 5358 Anno
2130 5284 2242 5363 1547.
2309 5382 2316 5389 Α
