4882 6436
192 363 271 439 stt
786 357 1220 435 EPlSTOLARUM
1269 360 1374 438 LlB.
1399 361 1446 439 X.
1499 362 1629 441 1646.

197 562 335 632 gressus
370 538 450 630 plus
481 532 611 605 habeat
635 535 898 608 familiaritatis.
961 531 1053 602 Nam
1077 547 1197 626 postea
1248 535 1389 606 insitam
1414 530 1453 604 hi
1477 537 1662 608 domestici
1692 539 1833 609 dolores
1862 541 1995 612 maiora
2024 544 2172 613 vulnera
2200 543 2240 612 in

199 656 260 740 tuo
287 665 368 710 eum
391 639 546 721 iudicio,
580 639 676 731 quod
700 653 751 710 est
774 637 1021 727 gravissimum
1041 636 1198 728 comple-
1247 638 1375 709 animis
1401 637 1555 718 faciunt,
1597 664 1704 733 quam
1735 643 1895 733 publicae
1924 668 2059 716 causae.
2126 643 2239 715 Video

198 756 301 817 ctere.
352 740 407 813 Ac
423 740 554 834 siquid
571 743 615 809 de
631 739 858 810 meoiudicio
875 740 1091 827 interrogas,
1116 763 1197 807 cum
1247 755 1364 811 autem
1388 741 1426 809 in
1449 741 1556 811 tantis
1580 743 1733 832 publicis
1757 759 1791 814 et
1815 746 1963 834 privatis
1986 747 2138 816 miseriis
2157 748 2242 817 uni-

198 847 420 918 consuetudo
435 843 570 936 aliquot
593 866 771 936 annorum
795 842 924 924 fuerit,
956 841 995 908 in
1021 865 1090 933 qua
1112 838 1197 911 odes
1247 868 1323 912 cam
1358 837 1450 911 hanc
1478 845 1756 913 consolationem
1787 849 1891 916 nobis
1914 850 2130 939 propositam
2153 873 2240 932 esse,

198 944 351 1021 ποτέῖν
366 944 487 1046 ἀγορῇ
500 939 570 1036 ὦχ’
590 937 848 1039 ἐβάζομεν),
878 937 1038 1015 odd’trt
1058 940 1196 1037 βουλῇ;
1248 969 1353 1037 quam
1378 943 1474 1014 Deus
1500 931 1700 1035 ipse'nobis
1723 950 1885 1032 tradidit,
1919 976 2000 1019 curn
2022 952 2154 1044 iuquit:
2182 952 2239 1019 in-

199 1053 304 1122 valde
318 1075 398 1121 eum
414 1061 557 1140 propter
572 1060 719 1116 naturae
736 1047 931 1116 bonitatem
947 1045 1070 1134 diligo.
1105 1043 1195 1113 Nam
1247 1072 1331 1115 voca
1355 1071 1411 1114 me
1435 1047 1472 1115 in
1497 1049 1554 1116 die
1568 1049 1829 1134 tribulationis,
1849 1065 1884 1120 et
1900 1053 2047 1140 eripiam
2067 1067 2121 1136 te,
2148 1067 2182 1123 et
2200 1067 2239 1123 tu

200 1153 314 1222 virtus
329 1153 367 1220 in
387 1175 428 1220 eo
444 1163 588 1219 nonest
607 1150 738 1218 iniusta
754 1163 815 1219 aut
830 1147 961 1218 adscita
977 1143 1016 1241 ³)
1041 1149 1084 1215 ad
1107 1160 1195 1215 tem·
1247 1149 1535 1238 glorificabisme.
1562 1149 1655 1219 Toto
1666 1151 1774 1240 igitur
1784 1152 2046 1242 pectoreDeum
2057 1170 2239 1224 aeternum

201 1279 285 1348 pus,
318 1256 379 1324 sed
400 1247 580 1346 natura⁴)
604 1265 699 1321 amat
722 1253 761 1320 in
783 1251 882 1319 omui
898 1249 1015 1320 officio
1031 1251 1196 1318 modera·
1246 1263 1381 1342 patrem
1401 1251 1537 1320 domini
1556 1253 1667 1322 nostri
1686 1250 1710 1324 l.
1726 1251 1784 1338 C.,
1807 1280 1890 1339 oro,
1916 1271 1955 1324 ut
1970 1272 2084 1327 servet
2100 1258 2240 1327 incolu-

200 1360 336 1428 tionem
352 1357 503 1425 maxime
523 1356 711 1439 salutarem
735 1354 847 1436 vitae,
873 1354 933 1421 sed
957 1351 1026 1433 ita,
1051 1366 1091 1420 ut
1111 1374 1198 1419 con·
1247 1378 1321 1421 mes
1344 1368 1376 1422 te
1402 1367 1435 1422 et
1457 1349 1699 1423 charissimam
1723 1370 1869 1423 matrem
1891 1381 2022 1441 meam,
2052 1384 2091 1427 ac
2116 1374 2157 1429 ut
2175 1382 2239 1428 sua
2319 1403 2324 1410 ·

200 1460 367 1530 stantiam
387 1457 665 1550 gravitatemque
681 1457 720 1523 in
735 1456 827 1523 veris
843 1454 1026 1523 sententiis
1044 1467 1078 1522 et
1094 1453 1198 1521 rectis
1248 1455 1418 1524 irrunensa
1441 1455 1682 1525 misericordia
1700 1444 1816 1546 pacem
1833 1455 2000 1528 Ecclesiis
2017 1475 2050 1530 ct
2067 1461 2239 1550 reipubli-

201 1560 371 1639 consiliis,
387 1561 493 1631 ctiam
509 1559 548 1627 in
564 1559 731 1651 periculis
747 1559 913 1627 tuendam
928 1568 1069 1625 statuat.
1101 1553 1197 1623 llaec
1249 1580 1308 1625 cae
1333 1559 1512 1641 restituat,
1541 1559 1739 1651 etquidem
1763 1583 1882 1648 spero,
1909 1587 1988 1630 eum
2007 1564 2157 1652 gemitus
2173 1588 2243 1637 no-i

199 1666 294 1736 bona
324 1664 477 1733 excoluit
506 1661 668 1732 doctrina
698 1684 772 1729 non
803 1670 939 1729 tantum
971 1657 1105 1726 forensi
1136 1659 1195 1726 sed
1248 1672 1338 1728 stros
1364 1662 1612 1729 exauditurum
1635 1684 1729 1742 csse,
1770 1674 1804 1730 et
1828 1663 2072 1750 impendentes
2095 1665 2240 1732 calami-

147 1794 154 1801 ·
199 1767 308 1837 ctiam
332 1766 483 1834 aliarum
509 1764 693 1834 literarum
716 1777 821 1855 atque
844 1760 997 1842 artium,
1029 1784 1119 1852 quae
1143 1758 1198 1826 vi·
1243 1774 1334 1829 tates
1352 1762 1607 1850 mitigaturum.
1650 1761 1758 1831 lustat
1776 1777 1809 1830 et
1828 1761 1994 1854 epithasis
2010 1761 2238 1836 horribilium

197 1884 272 1942 tam
294 1868 503 1958 gubernent.
560 1862 608 1935 Et
635 1890 675 1933 ex
699 1865 761 1932 illa
787 1867 859 1953 ipsa
883 1861 1042 1930 doctrina
1066 1861 1196 1930 forensi
1247 1876 1430 1946 motuum,
1470 1889 1576 1956 quam
1615 1877 1648 1933 te
1681 1865 1940 1954 praedicentem
1975 1891 2075 1958 saepe
2107 1864 2239 1940 audivi.

201 1971 370 2048 transfert
388 1971 433 2039 ad
451 1991 533 2038 suos
547 1991 685 2050 mores,
711 1990 785 2034 non
807 1964 1033 2033 calliditatem
1057 1965 1116 2033 sed
1143 1963 1197 2033 iu·
1249 1963 1462 2058 Quanquam
1480 1980 1595 2036 autem
1613 1968 1812 2056 principum
1830 1981 1865 2037 et
1879 1991 2000 2056 regum
2019 1971 2156 2039 furores
2171 1971 2241 2037 mi-

202 2060 388 2166 sticiam⁸)
421 2084 455 2140 et
483 2071 718 2163 aequitatem,
757 2069 944 2137 candorem
976 2078 1010 2134 et
1041 2065 1199 2134 veritatis
1248 2068 1408 2135 nitantur
1429 2068 1574 2136 exitium
1601 2082 1636 2138 ct
1657 2066 1824 2137 Ecclesiis
1848 2084 1879 2137 et
1911 2095 2029 2140 earum
2061 2067 2241 2164 hospiciis,

202 2199 371 2246 amorem.
423 2172 535 2264 Spero
550 2172 676 2262 igitur,
703 2170 778 2239 eius
794 2168 1081 2238 coniunctionem
1103 2182 1138 2238 et
1161 2167 1196 2234 iu
1249 2184 1281 2238 ct
1298 2171 1500 2258 extinguere
1517 2169 1683 2238 noticiam
1701 2167 1768 2238 Dei
1792 2172 1829 2237 in
1852 2173 1954 2240 terris
1978 2186 2011 2241 et
2038 2175 2150 2243 lucem
2175 2177 2241 2242 do·

201 2278 341 2370 privata
360 2277 431 2344 vita
450 2262 593 2343 suavem
611 2274 699 2342 etin
717 2271 898 2363 republica
915 2270 1038 2338 utilem
1063 2271 1138 2338 fore
1157 2263 1197 2363 6).
1248 2272 1442 2339 ctrinarum
1460 2285 1652 2341 conantur:
1680 2286 1816 2354 tamen,
1842 2298 1920 2340 cum
1939 2276 2100 2353 sciamus,
2127 2276 2240 2344 filium
2292 2331 2298 2343 .

199 2377 570 2460 Taliumamicorum
594 2376 835 2445 familiaritate
859 2373 969 2440 lenito
987 2368 1026 2468 ²)
1053 2374 1197 2440 moesti·
1247 2371 1313 2442 Dei
1332 2376 1510 2443 custodem
1526 2398 1598 2441 csse
1615 2372 1791 2442 Ecclesiae
1815 2398 1916 2458 suae,
1937 2391 1970 2445 et
1993 2371 2060 2446 hoc
2082 2378 2240 2446 officium

200 2483 313 2566 eiam,
338 2505 407 2574 qua
425 2484 569 2572 propter
592 2479 754 2582 publicos
771 2490 892 2546 motus
916 2472 1083 2556 afficeris,
1109 2498 1197 2566 quos
1247 2476 1385 2544 anobis
1407 2468 1619 2569 poscerc*),
1644 2489 1682 2545 ut
1706 2499 1907 2566 speremus,
1933 2503 2013 2547 curn
2035 2481 2139 2548 uobis
2161 2480 2241 2568 opi-,

198 2583 230 2654 si
246 2585 327 2678 quis
348 2583 434 2652 solis
453 2577 642 2650 homiuum
667 2579 824 2650 consiliis
847 2590 908 2647 aut
928 2571 1199 2671 μεμψιμορίαις
1246 2578 1441 2646 tulaturum
1459 2601 1531 2646 esse
1548 2581 1652 2646 etiam
1670 2602 1748 2645 cum
1765 2581 1896 2649 desunt
1910 2575 2065 2649 humana
2083 2582 2242 2664 consilia,

198 2687 274 2778 regi
295 2679 400 2780 aut⁸)
423 2683 539 2752 sedari
560 2706 662 2774 posse
686 2681 907 2761 existimant,
937 2703 1004 2747 nae
1027 2679 1081 2745 illi
1102 2679 1197 2746 mul·
1247 2680 1420 2768 erigamus
1444 2703 1527 2759 nos,
1555 2693 1589 2748 ct
1612 2681 1658 2747 ab
1682 2679 1758 2770 ipso
1781 2681 1951 2749 auxilium
1976 2687 2173 2771 speremus,
2207 2696 2241 2751 ct

198 2803 276 2859 tum
297 2787 367 2857 sibi
396 2799 554 2858 sumunt.
607 2782 688 2852 Non
714 2786 850 2853 deseret
869 2777 966 2849 Deus
989 2778 1196 2861 Ecclesiam,
1246 2776 1312 2849 hac
1336 2806 1396 2872 spe
1423 2781 1459 2848 in
1487 2806 1527 2849 eo
1550 2784 1813 2874 acquiescamus
1837 2796 1871 2850 et
1888 2784 2117 2852 moderemini
2137 2784 2242 2853 dolo·

200 2891 231 2960 si
246 2914 348 2960 verae
365 2887 548 2958 doctrinae
564 2886 681 2956 studia
699 2900 732 2956 et
748 2883 1009 2952 invocationem
1035 2907 1109 2951 non
1134 2884 1197 2951 ab·
1248 2907 1333 2955 rem.
1400 2882 1512 2975 Saepe
1540 2897 1675 2952 servata
1705 2896 1756 2952 est
1778 2881 1954 2969 Ecclesia,
1991 2911 2070 2955 cum
2095 2909 2245 2976 prorsus

201 2994 374 3065 iiciemus.
426 2987 524 3059 Bene
541 2990 629 3058 vale.
1247 2986 1414 3054 omnibus
1436 2981 1601 3055 humanis
1624 2986 1765 3054 auxiliis
1789 2986 1954 3054 destituta
1970 2987 2047 3061 fuit.
2101 2987 2240 3057 Horum

377 3112 379 3119 ·
890 3083 958 3162 Ph.
986 3084 1039 3160 M.
1247 3101 1437 3156 eventuum
1456 3089 1667 3178 cogitatione
1682 3111 1778 3175 spem
1801 3088 2049 3158 confirmemus
2074 3104 2110 3160 et
2131 3113 2196 3158 nos
2219 3113 2240 3159 a

1247 3191 1369 3258 dolore
1390 3191 1617 3273 abducamus.
1668 3187 1766 3258 Haec
1787 3191 1830 3257 ad
1858 3202 1891 3257 te
1915 3190 2039 3279 scripsi
2063 3192 2121 3283 pia
2151 3217 2240 3285 qua·

1246 3294 1327 3359 dam
1344 3295 1386 3359 de
1401 3305 1434 3361 te
1450 3292 1526 3382 ipso
1544 3292 1786 3362 sollicitudine
1802 3304 1932 3364 motus.
1976 3287 2066 3373 Oro,
2092 3308 2132 3363 ut
2147 3289 2238 3363 hanc

2166 373 2244 447 278
2326 400 2331 406 ·

199 3447 268 3522 Νο.
286 3449 399 3522 5612.

207 3544 380 3575 Μ

769 3451 844 3530 (hoo
860 3475 938 3513 euno
956 3467 1024 3512 erite
1042 3451 1196 3529 exilium.)

775 3545 1192 3581 Μ’

637 3648 689 3734 Ν.
728 3646 781 3732 Ν.

269 3829 290 3892 ·)·
315 3823 351 3876 Er
370 3822 529 3893 apographis
550 3822 576 3874 in
599 3822 661 3873 cod.
677 3820 787 3874 Monac.
813 3818 858 3874 90.
878 3820 929 3872 Νο.
942 3819 1001 3872 vlt.
1024 3838 1048 3889 p.
1061 3817 1149 3871 408¹).
1169 3827 1194 3870 et

301 3895 363 3949 cod.
379 3892 542 3946 Monac-66.
565 3911 591 3963 p.
604 3889 692 3943 2l0l’.

199 4046 380 4150 Epistola
405 4042 753 4142 Christopdoro
776 4008 1061 4138 Meienburg
1086 4069 1194 4140 prae-

199 4153 338 4253 scripto
354 4147 571 4250 adpalrem,
594 4144 1193 4240 MichaelemMeienburg.

199 4282 424 4374 charissime
445 4313 554 4390 pater.
604 4296 680 4365 Etsi
698 4310 797 4366 motu
816 4300 1039 4388 publicorum
1056 4297 1195 4388 pericu-

201 4408 341 4489 lorum,
370 4401 620 4498 quaeassidue
637 4411 721 4468 sunt
736 4401 903 4467 omnibus
919 4401 965 4465 ob
981 4398 1102 4466 oculos
1119 4399 1193 4465 val-

200 4511 248 4578 de
273 4507 474 4588 excrucior,
501 4517 618 4574 tamen
643 4513 827 4592 postquam
847 4499 1023 4582 intellexi,
1048 4511 1194 4567 matrem

201 4635 317 4680 meam
345 4605 587 4679 charissimam
617 4602 813 4694 periculoso
843 4603 968 4670 morbo
989 4600 1196 4679 conflictari,

204 4727 239 4783 et
252 4727 287 4784 te
303 4710 464 4780 maximis
483 4708 577 4776 curis
596 4705 768 4788 exerceri,
794 4705 907 4774 multo
924 4704 960 4772 in
979 4703 1113 4770 maiore
1131 4705 1195 4770 do-

201 4816 280 4886 lore
305 4811 518 4902 essecoepi.
580 4807 671 4877 Nam
698 4820 843 4897 propter
866 4800 1029 4902 oropyipc
1052 4816 1197 4872 naturae

237 5047 269 5112 2)
287 5045 356 5104 cot.
371 5046 450 5100 Mon.
466 5044 509 5098 88.
528 5040 675 5113 ὲβιῖγομεν.

237 5132 267 5201 0)
284 5132 355 5188 (hd.
367 5132 448 5186 Mon.
460 5131 504 5183 90.
520 5130 633 5187 addita

235 5218 265 5284 4)
286 5215 355 5270 eod.
373 5215 453 5270 Mon.
467 5215 509 5267 90.
527 5215 636 5266 nativa.
992 5280 1000 5291 .

237 5305 267 5370 5)
285 5302 353 5361 cod.
369 5303 449 5357 Mon.
463 5302 506 5357 88.
524 5304 564 5354 ad
576 5300 668 5355 callid.
686 5330 722 5342 -
739 5305 778 5351 ad
794 5298 932 5364 iustitiam.

237 5393 265 5460 6)
286 5389 440 5458 Speroctc.
455 5388 601 5442 nonhabet
616 5387 678 5440 eod.
694 5386 772 5442 Mon.
789 5387 830 5439 88.
910 5396 913 5407 ’

235 5478 265 5543 7)
285 5474 356 5529 cod.
371 5473 451 5527 Mon.
465 5473 509 5525 88.
531 5475 627 5525 lende.

238 5560 268 5630 8)
285 5558 547 5626 repercusserunt·
562 5554 624 5611 cod.
637 5552 718 5613 Mon.
733 5552 776 5610 88.

1246 3395 1617 3464 commemorationem
1634 3394 1721 3462 honi
1739 3393 1911 3467 consulas.
1962 3390 2060 3472 Bene
2080 3409 2114 3465 et
2137 3397 2239 3464 foeli-

1245 3496 1331 3562 citer
1349 3497 1438 3563 vale.

1253 3725 1284 3732 .—

1245 3869 1442 3994 {³4de

1814 3881 1888 3959 (boo
1904 3906 1981 3943 arrico
2000 3899 2067 3945 aute
2083 3892 2237 3968 exilium.)

1674 4067 1720 4148 Ν
1755 3976 2237 4150 Nm

1320 4244 1337 4308 ι)
1369 4241 1401 4291 l'x
1425 4205 1584 4307 apographis
1605 4239 1637 4318 in'
1654 4241 1716 4292 cod.
1740 4241 1851 4294 Monac.
1871 4245 1913 4300 88.
1933 4246 1983 4298 h'o.
2000 4247 2045 4301 lV.
2067 4266 2093 4317 p.
2111 4249 2189 4301 117b.
2211 4261 2237 4302 et
2288 4293 2292 4299 .

1345 4313 1407 4364 cod.
1427 4311 1537 4361 lllonac.
1552 4309 1595 4359 90.
1616 4308 1668 4361 ho.
1681 4310 1736 4363 tlt.
1756 4330 1782 4380 p.
1799 4311 1859 4365 887.

1680 4461 1809 4537 MN.

1245 4581 1288 4668 S.
1317 4597 1359 4669 D.
1413 4598 1564 4670 Difficile
1580 4615 1629 4671 est
1647 4602 1750 4669 etlam
1770 4603 1874 4671 bouis
1891 4590 1975 4673 viris
1992 4605 2029 4673 iu
2049 4603 2113 4679 bac
2139 4626 2235 4683 tanta

1247 4702 1419 4771 moestitia
1438 4716 1654 4791 temporum,
1681 4717 1713 4772 et
1730 4704 1767 4770 in
1785 4705 1879 4773 bellu
1896 4707 2032 4795 ingenti
2053 4712 2097 4778 de
2120 4715 2236 4782 civili-

1247 4808 1311 4873 bus
1339 4805 1574 4885 ornamentis,
1617 4807 1661 4871 de
1691 4806 1816 4874 studiis
1853 4808 2036 4878 literarum
2069 4815 2235 4902 cogitare.

1247 4909 1316 4975 Sed
1344 4919 1462 4972 tamen
1486 4907 1677 4995 prudentes
1702 4909 1980 4977 consolationem
2007 4907 2116 4998 hanc,
2146 4941 2237 5008 quae

1248 5007 1419 5075 divinitus
1442 5007 1620 5097 proposita
1643 5022 1710 5091 est,
1738 5023 1855 5079 tenere
1869 5013 2017 5097 debent,
2040 5012 2235 5088 Ecclesiam

1247 5108 1314 5178 Dei
1339 5110 1431 5178 iuter
1460 5104 1544 5176 haec
1567 5109 1721 5198 pericula
1744 5136 1817 5179 non
1841 5112 2063 5182 interituram
2088 5141 2179 5204 csse,
2201 5136 2236 5192 et

1248 5207 1313 5280 hac
1338 5233 1414 5302 spe,
1451 5224 1624 5302 quantum
1648 5211 1722 5278 lieri
1744 5225 1875 5302 potest,
1914 5217 2030 5284 studia
2053 5218 2234 5290 literarum

1247 5314 1377 5382 tuenda
1400 5325 1434 5380 ct
1455 5313 1610 5380 iuvanda
1625 5333 1714 5384 esse.
1767 5312 1915 5404 Semper
1938 5316 2032 5391 enim
2047 5316 2234 5408 Ecclesiae,

1279 5548 1307 5616 *)
1327 5547 1491 5694 qubhgou.
1504 5548 1547 5609 66.
1565 5557 1672 5613 petere.
