4882 6426
313 348 389 422 ess
438 447 443 451 Ι
891 333 1323 445 urrsrouanuu
1374 335 1482 411 nm.
1512 336 1558 410 u
1613 337 1744 414 1⁶46.
2275 345 2354 422 ess

319 549 406 595 care.
457 522 636 596 Praeticae
658 526 852 598 multorum
876 542 1015 620 sparsae
1032 517 1105 622 'per-
1118 552 1194 601 sese
1210 550 1314 601 ruere
1360 533 1440 606 duis
1461 535 1649 623 gemitibus
1668 550 1704 606 et
1720 538 1811 607 votis
1828 562 1910 623 oro,
1936 551 1976 608 ut
1990 540 2150 610 restituat
2164 539 2355 610 salutarem

320 629 451 710 solent,
482 653 571 720 quae
598 629 778 699 interdum
800 632 1030 722 repugnando
1054 633 1164 721 magis
1190 657 1315 703 accen·
1359 659 1479 728 pacem
1494 631 1550 704 his
1567 637 1741 724 gentibus.
1765 637 1863 709 Bene
1877 639 1965 711 vale.
1996 637 2063 707 Die
2079 638 2114 715 4.
2130 640 2304 712 Novemb.

320 732 466 802 duntur.
519 729 618 800 Bene
635 744 670 801 et
684 732 834 802 feliciter
851 732 939 805 vale.
990 731 1148 804 Salutem
1166 747 1251 828 opto
1268 731 1314 809 D.
1814 736 2002 833 Philippus
2028 739 2253 816 Melanthon.

321 823 455 916 Rivis,
482 829 594 902 amico
612 846 745 909 nostro.
769 834 804 908 8.
820 831 1010 904 Novembr.
1034 896 1035 901 ,

1144 928 1194 1007 Ρ.
1211 932 1264 1008 Μ.
1992 973 1993 976 “

1370 1070 1439 1147 No.
1463 1072 1574 1160 3597.
2195 1092 2229 1153 6.
2247 1084 2328 1148 Nor.

1365 1171 1578 1209 Μ
2172 1173 2349 1204 Μ

322 1331 375 1401 No
404 1328 502 1402 5596
1166 1335 1283 1402 ΝΜ
1673 1242 1737 1324 Io.
1770 1242 2030 1328 Matthesio.

329 1427 500 1456 Μ
1134 1425 1306 1455 ”⁰⁴⁹
1428 1393 1512 1465 Epist·
1527 1395 1618 1478 llll-ll·
1628 1399 1711 1522 pfld.
1732 1399 1808 1465 (edit.
1822 1400 1913 1455 Lond.
1926 1399 2017 1456 libll.
2030 1420 2072 1469 ep.
2083 1400 2199 1466 20.),-
2226 1403 2354 1474 ΑΜ...

666 1534 717 1614 Η
758 1531 962 1621 Welpero·
1050 1525 1051 1529 ¹
1463 1466 1535 1536 pbon
1549 1485 1625 1526 mco
1646 1469 1781 1524 ,Mones
1793 1469 1837 1524 st.
1857 1469 1910 1524 No.
1926 1467 1959 1530 V,
1979 1487 2006 1541 ρ,
2020 1469 2105 1524 mh,

1600 1620 1817 1696 Iohanni
1845 1621 2112 1698 Matthesio

390 1703 427 1755 Ex
442 1701 610 1774 autographo
625 1701 740 1773 Philippi
755 1703 782 1755 in
797 1701 859 1756 cod.
873 1700 958 1759 Goth.
973 1699 1022 1755 lol.
1036 1699 1166 1766 Nasso,
1177 1717 1253 1752 nunc
1265 1701 1311 1752 ‹le-
1573 1757 1582 1773 .
1626 1758 1635 1774 ·
1716 1759 1724 1774 ι
1999 1761 2007 1776 ο
2045 1761 2053 1776 ι

424 1777 534 1894 scripta,
551 1771 697 1839 adiutam,
715 1770 1115 1842 aea,minusaccurne‚mseu
1130 1767 1314 1838 uetustate.
1359 1736 1403 1825 S.
1429 1754 1473 1828 Ι).
1524 1756 1601 1826 Sc1s
1624 1759 1798 1850 rnlinttam
1817 1783 1889 1828 esse
1906 1754 2150 1848 sophisticam,
2176 1774 2209 1831 et
2226 1787 2355 1854 quam·
2403 1815 2406 1820 -

425 1845 475 1895 ¹⁷⁰
494 1881 502 1896 ·
521 1861 548 1911 Ρ·
564 1840 624 1895 ⁸⁰⁹·
1360 1859 1446 1928 libet
1462 1859 1632 1928 absurdas
1645 1883 1764 1929 causas
1777 1861 2012 1950 plausibiliter
2028 1863 2149 1931 ornari
2165 1886 2276 1953 posse,
2291 1868 2356 1934 sed

1359 1982 1421 2048 ego
1438 1984 1559 2029 verum
1575 1982 1733 2030 essenon
1750 1962 1887 2045 dubito,
1902 1986 1981 2031 cum
1996 1957 2061 2031 hac
2075 1965 2236 2053 regiones
2251 1967 2355 2036 nulla

321 2013 533 2087 Revmm
552 2014 651 2101 Μ’
683 2010 886 2086 ‘rudium
902 2024 933 2085 α
952 2012 1079 2085 ΜΨ
1093 2023 1315 2131 praefluunt
1359 2061 1489 2129 iniuria
1505 2061 1640 2130 vicinos
1656 2063 1846 2146 affecerint,
1873 2063 2002 2134 iniuste
2019 2064 2124 2134 nobis
2139 2066 2273 2135 bellum
2294 2068 2354 2136 in-

321 2116 489 2188 D⁰mm⁰
521 2115 652 2188 ΗΜ
665 2142 762 2214 ⁰⁶7¹
774 2141 844 2187 ’Μ
875 2112 1095 2192 W⁶ll⁶7
1110 2140 1131 2185 ⁰
1156 2112 1313 2186 D⁰⁶l⁰n
1357 2163 1461 2246 ferri,
1488 2175 1522 2232 et
1541 2165 1746 2251 sanguinem
1766 2181 1925 2241 nostrum
1942 2167 2066 2256 expeti.
2118 2165 2239 2260 Teque
2256 2183 2353 2238 recte

474 2213 720 2313 Th⁶⁰l⁰g²⁰⁰‘
746 2242 866 2289 ⁰m²⁶⁰
879 2241 947 2288 ⁵¹¹⁰
961 2240 1165 2324 mmmm
1357 2263 1579 2355 respondisse
1597 2261 1623 2358 ¹)
1644 2288 1780 2334 censeo.
1819 2264 1891 2334 Nec
1907 2266 1988 2336 licet
2002 2291 2098 2355 nunc
2112 2265 2349 2355 nascautur,

319 2352 367 2442 S·
393 2367 437 2439 D.
496 2366 704 2438 Reverende
729 2370 763 2437 d.
788 2368 912 2437 doctor
934 2379 969 2436 et
990 2366 1101 2436 amice
1125 2365 1312 2436 carissime.
1358 2367 1417 2433 sed
1435 2367 1472 2432 in
1491 2366 1581 2433 veris
1595 2367 1778 2435 sententiis
1795 2370 1925 2436 tuenda
1941 2381 1990 2436 est
2007 2370 2211 2456 constantia.
2245 2369 2352 2441 Nunc

294 2495 297 2500 ⁴
321 2472 470 2539 Gaudeo
499 2493 613 2537 meam
643 2469 709 2538 tibi
741 2471 958 2540 voluntatem
983 2469 1027 2537 de
1052 2481 1199 2556 cognato
1223 2469 1312 2537 reci·
1356 2466 1467 2555 magis
1489 2479 1584 2535 tuam
1600 2464 1631 2560 ²)
1656 2468 1864 2536 sententiam
1890 2470 2054 2559 probabis
2068 2466 2116 2558 ³),
2147 2495 2226 2538 cum
2250 2472 2351 2541 vides

320 2573 451 2662 piendo
467 2585 600 2659 gratam
617 2593 702 2656 esse,
727 2592 765 2638 ac
780 2595 861 2639 vere
876 2571 1061 2639 adfirmare
1075 2592 1230 2660 possum,
1256 2592 1311 2636 me
1357 2581 1522 2657 cognatos
1545 2570 1639 2638 inter
1663 2593 1698 2637 se
1726 2570 1950 2638 mirabilibus
1975 2571 2131 2640 artificiis
2156 2574 2329 2643 committi
2341 2600 2350 2656 ;

320 2696 456 2763 semper
470 2668 638 2741 Ecclesiis
659 2671 783 2741 vestris
805 2686 839 2743 et
857 2672 992 2762 reipub.
1009 2665 1137 2740 harum
1153 2670 1310 2759 gentium
1358 2668 1458 2758 Quae
1488 2683 1600 2759 potest
1633 2695 1705 2738 esse
1735 2669 1825 2738 iusta
1850 2694 1970 2755 cansa,
2003 2673 2042 2739 in
2063 2686 2229 2761 cognatos
2250 2698 2347 2744 arma

320 2801 360 2847 ex
383 2774 503 2842 animo
527 2775 618 2843 bene
636 2773 799 2842 voluisse.
849 2768 1071 2856 Eteonstat,
1097 2795 1154 2839 me
1173 2771 1312 2840 medio·
1356 2771 1542 2862 capiendi?
1591 2767 1639 2841 Et
1662 2796 1727 2840 nos
1749 2773 1892 2863 quidem
1913 2774 2064 2856 scimus,
2089 2797 2256 2844 nosvera
2271 2778 2349 2867 pie·

318 2878 437 2947 eribus
458 2874 582 2946 officiis
600 2888 633 2943 et
646 2871 821 2944 Ecclesias
836 2887 968 2944 vestras
984 2885 1018 2942 et
1032 2867 1169 2942 scholas
1183 2896 1311 2962 ornare
1356 2884 1425 2940 tate
1440 2895 1572 2941 amasse
1587 2886 1621 2941 et
1637 2873 1784 2942 coluisse
1800 2873 1948 2958 vicinos,
1969 2890 2003 2944 et
2016 2875 2255 2945 mediocribus
2270 2879 2349 2946 oili·

318 2979 502 3048 studuisse.
553 2972 636 3043 Dixi
660 2976 765 3044 etiam
786 2976 977 3044 sententias
998 2998 1098 3065 saepe
1113 2972 1311 3043 moderatas
1356 2973 1419 3042 ciis
1447 2996 1600 3043 ornasse.
1657 2973 1849 3067 Nunquam
1879 2976 1987 3064 igitur
2016 2978 2175 3066 probabo
2205 2981 2351 3047 caedem

318 3094 351 3150 et
365 3081 469 3148 utiles
487 3077 574 3168 paci.
615 3075 717 3146 Nunc
733 3078 842 3160 vides,
868 3078 963 3170 quod
980 3074 1195 3158 incendium,
1221 3100 1310 3166 quo·
1355 3088 1557 3144 nostrorum
1573 3076 1716 3156 civium,
1732 3100 1796 3143 nec
1811 3073 2030 3168 συμμαχίαν
2042 3101 2175 3162 eorum,
2193 3080 2254 3171 quai
2271 3103 2350 3150 cae-

317 3206 398 3250 rum
432 3179 586 3248 artificiis
613 3179 799 3247 excitatum
834 3178 898 3261 sit,
935 3178 1032 3269 quod
1066 3190 1107 3247 ut
1131 3176 1227 3246 Deus
1254 3200 1310 3243 re·
1355 3179 1436 3246 dem
1459 3177 1638 3249 adiuvant.
1690 3176 1830 3247 stistte
1854 3202 1928 3244 non
1951 3179 2045 3246 esin
2069 3192 2164 3263 tuto,
2190 3183 2349 3270 regulam

319 3284 474 3369 stingnat
506 3303 657 3349 oremus.
714 3276 919 3346 Monendus
952 3293 1066 3346 antem
1094 3290 1129 3345 et
1155 3279 1310 3361 orandus
1354 3275 1604 3366 Evangelicam
1626 3279 1736 3347 nosti:
1769 3274 1817 3346 Si
1833 3278 1996 3348 eiecerint
2020 3303 2081 3348 uos
2103 3302 2149 3348 ex
2168 3304 2241 3349 uno
2259 3279 2350 3368 locu,

318 3383 422 3462 etiam
438 3376 537 3447 Dux
559 3392 649 3461 erat,
681 3392 723 3448 ut
745 3390 892 3466 cognato
907 3378 1090 3465 sanguini,
1121 3391 1161 3445 ut
1175 3378 1309 3467 patriae
1355 3379 1402 3446 ite
1426 3376 1466 3445 in
1490 3375 1622 3450 alium.
1674 3378 1742 3451 Sed
1766 3393 1884 3449 tamen
1907 3405 1948 3449 ex
1971 3382 2243 3451 circumstantiis
2270 3385 2349 3455 istic

318 3498 358 3554 ut
377 3480 557 3565 Ecclesiis,
592 3493 632 3550 ut
653 3475 892 3569 pulcherrimo
914 3480 1021 3549 statui
1043 3473 1169 3548 harum
1194 3479 1310 3568 regio·
1355 3481 1510 3551 iudicare
1523 3481 1664 3570 poteris,
1691 3505 1734 3549 an
1749 3484 1942 3550 necessaria
1959 3483 2005 3552 sit
2021 3483 2194 3571 migratio.
2248 3484 2356 3556 'l‘uae

318 3610 404 3655 num
427 3595 594 3674 parceret.
655 3579 835 3675 Nusquam
859 3582 897 3648 in
920 3593 993 3649 toto
1016 3581 1102 3650 orbe
1125 3594 1309 3663 terrarum,
1354 3582 1446 3652 vitae
1462 3583 1644 3651 consulere
1661 3583 1751 3650 iuste
1769 3584 1919 3672 poteris,
1942 3609 2006 3652 nec
2023 3598 2056 3651 te
2074 3585 2201 3654 retinet
2214 3610 2348 3676 provo·
2414 3630 2428 3638 -

318 3689 345 3755 si
364 3710 443 3754 vere
459 3685 623 3753 volumus
639 3682 814 3772 iudicare,
845 3678 1029 3773 pulchrior
1046 3694 1155 3750 status
1171 3678 1227 3749 his
1244 3707 1309 3749 an-
1354 3685 1454 3768 catio,
1475 3686 1518 3752 ad
1535 3680 1638 3772 quam
1653 3685 1701 3752 ita
1720 3709 1756 3751 re
1771 3685 1907 3768 offeras,
1930 3685 1958 3752 si
1973 3688 2076 3754 aletur
2092 3686 2177 3754 fides
2192 3690 2439 3777 publica...

318 3790 373 3856 nis
389 3786 473 3868 suit,
498 3808 603 3877 quiam
621 3783 659 3851 in
675 3778 731 3851 his
748 3783 962 3873 regionibus,
990 3784 1052 3851 ubi
1069 3783 1174 3851 simul
1186 3780 1309 3851 Eccle·
1352 3785 1448 3855 Deus
1472 3786 1608 3872 mitiget
1632 3786 1695 3852 tibi
1717 3799 1752 3854 et
1776 3787 1879 3856 nobis
1902 3808 2108 3869 aerumnas,
2134 3801 2167 3855 et
2184 3790 2439 3863 restituam

251 3969 254 3972 Α
317 3890 388 3957 siae
410 3899 501 3955 recte
522 3886 702 3957 institutae
717 3899 817 3968 sunt,
843 3899 877 3953 et
891 3884 1020 3953 florent
1037 3884 1218 3953 doctrinae
1234 3897 1307 3951 stn-
1355 3887 1447 3980 piam
1471 3900 1504 3957 et
1521 3887 1709 3955 salutarem
1729 3911 1860 3977 pacem.
1910 3886 2007 3957 Bene
2024 3890 2118 3968 vale,
2144 3889 2202 3957 die
2218 3891 2254 3964 6.
2271 3891 2439 3963 No-e

317 3992 393 4074 dia,
418 4010 544 4076 magua
566 4000 615 4056 est
628 3986 841 4056 iudiciorum
857 3986 1007 4074 gravitas
1024 3999 1058 4055 et
1070 3986 1247 4077 aequitas,
1273 3997 1308 4053 ot
1354 3988 1517 4061 vembris.
1867 3983 2055 4079 Philippus
2069 3985 2296 4067 Melanthon.

316 4089 503 4159 mediocris
525 4088 732 4177 disciplinae
756 4112 852 4157 cura.
903 4084 999 4156 Haec
1019 4087 1114 4156 bona
1134 4086 1164 4154 si
1183 4085 1307 4155 volunt
1862 4086 1995 4180 Caspar
2011 4089 2181 4180 Cruciger
2199 4089 2246 4164 Ι).

317 4195 435 4261 delere
452 4201 630 4280 potentes,
656 4190 759 4257 ferrei
776 4203 870 4260 sunt.
947 4228 953 4247 ι
1263 4260 1267 4266 ,

420 4290 528 4380 Quod
551 4303 668 4359 autem
692 4289 907 4379 interrogas,
942 4290 1027 4383 quid
1051 4290 1193 4360 consilii
1218 4292 1307 4359 dan·
1332 4287 1335 4296 '

316 4399 401 4467 dum
418 4392 606 4464 sitvocatis
620 4393 664 4460 ad
679 4392 868 4484 militiam?
892 4404 1012 4461 contra
1024 4393 1097 4461 vim
1116 4393 1203 4485 quid
1225 4416 1307 4483 pos·
1346 4389 1438 4461 .No.·
1449 4387 1561 4462 3598.
2221 4394 2439 4470 &Narve

318 4519 440 4569 sumus
461 4497 546 4566 dare
568 4494 718 4565 consilii.
770 4492 841 4563 Sed
865 4488 931 4562 hoc
954 4494 1083 4574 sciant,
1117 4494 1249 4562 bellum
1271 4519 1305 4561 se
1354 4490 1572 4561 ,Μ
1969 4559 1976 4575 ,
2214 4487 2439 4512 Μ

316 4601 487 4668 iniustum
503 4596 670 4666 adiuvare
686 4608 808 4664 contra
823 4607 1048 4686 praeceptum
1064 4597 1227 4688 quintum
1243 4597 1303 4663 de·
1392 4607 1398 4622 “
1709 4554 1751 4639 C·
1776 4555 2009 4652 Ραηηοηῑο·

317 4699 441 4789 talogi.
491 4694 572 4766 Etsi
587 4709 702 4766 autem
719 4696 892 4766 obiiciunt
908 4697 1020 4788 aliqui
1037 4697 1160 4780 astuti,
1186 4720 1304 4765 causas
1367 4755 1369 4759 .
1420 4719 1565 4790 Ephelis.
1583 4718 1615 4774 v·
1637 4718 1793 4789 poem..

315 4803 402 4872 belli
424 4800 587 4893 profanas
610 4813 645 4869 et
666 4798 825 4888 politicas
847 4821 940 4881 csse,
974 4796 1110 4866 etiamsi
1134 4821 1215 4865 vere
1237 4792 1303 4866 boc
1401 4831 1608 4909 Christo
1633 4835 1746 4908 horo
1772 4832 2024 4909 Pannonio
2082 4833 2243 4929 (Tmolo
2269 4862 2290 4907 0
2410 4859 2439 4904 ε

313 4906 500 4985 diceretur,
520 4914 636 4970 tamen
651 4901 732 4968 illae
748 4900 842 4990 ipsae
856 4922 978 4968 causae
991 4923 1065 4966 non
1083 4913 1167 4968 sunt
1183 4899 1303 4978 iustae,
1594 4863 1623 4959 P
1737 4935 1940 5038 Francos)
2033 4897 2043 4926 ²
2240 4863 2269 4932 g

316 5031 379 5077 cur
397 5004 550 5095 patriae,
581 5025 644 5070 cur
667 5001 823 5089 cognatis
841 5001 974 5068 bellum
993 5001 1175 5069 inseratur.
1225 4997 1301 5067 Hac
1350 5046 1380 5135 S
1417 5061 1450 5131 D
1512 5061 1545 5129 0
2149 5062 2157 5078 ,
2397 5058 2404 5063 .

1385 5113 1394 5131 .
1452 5117 1460 5135 .
1526 5065 1675 5150 „uadum
1693 5087 1753 5153 spe
1769 5058 1938 5132 hactenus
1955 5075 2092 5131 coenam
2110 5061 2266 5156 aquuem
2281 5074 2427 5132 τεῦ-Ι

315 5111 358 5175 de
380 5133 417 5175 re
438 5106 594 5175 modeste
617 5104 690 5175 edit
712 5102 881 5170 iudicium
905 5124 1009 5170 suum
1030 5115 1148 5171 noster
1168 5098 1301 5170 Pastor.
1367 5167 1375 5181 ,
1432 5167 1440 5182 ‚
1687 5165 1695 5179 ,
2043 5163 2050 5178 ,
2432 5182 2439 5191 .

1352 5181 1541 5246 tinuimus,
1576 5189 1615 5232 ac
1650 5179 1841 5234 etiamnum
1867 5189 1969 5255 spero
1997 5176 2111 5232 enatus
2132 5187 2208 5233 non
2230 5178 2439 5234 termo-1.

314 5207 390 5298 Ego
406 5232 479 5276 non
495 5205 698 5284 dubitarim,
720 5228 794 5273 non
810 5204 924 5272 solum
941 5226 1006 5273 nos
1021 5203 1065 5271 ad
1083 5204 1188 5294 pedes
1201 5201 1302 5292 prin-

313 5312 431 5401 cipum
444 5308 612 5389 adiicere,
636 5307 806 5396 petendae
818 5303 912 5394 pacis
925 5326 1028 5374 causa
1042 5305 1081 5372 in
1101 5303 1224 5395 patria,
1242 5304 1299 5371 sed
1384 5360 1409 5420 ¹)
1428 5355 1487 5411 coa
1515 5357 1625 5411 Monac.
1644 5360 1862 5422 mmmm

312 5414 416 5482 etiarn
444 5433 520 5479 mea
544 5421 658 5477 morte
680 5409 832 5477 libenter
853 5400 980 5474 harum
1001 5405 1185 5495 regionum
1207 5417 1302 5474 tran·
1381 5445 1409 5507 ρ)
1429 5397 1520 5508 Μ]
1541 5441 1603 5494 coa.
1618 5442 1697 5494 Mon.
1712 5451 1850 5496 nostram.

310 5515 522 5608 quillitatem
543 5508 715 5579 redimere
735 5508 874 5579 vellem.
933 5504 1050 5578 Deum
1073 5522 1191 5581 autem
1215 5506 1300 5578 assi·
1378 5527 1788 5604 s)c0a.n10n.adau:spat.
