4882 6426
942 313 1210 395 ANNALES
1241 317 1425 396 VITAE
1458 321 1589 398 MEL.
1647 320 1782 398 1547.

315 678 323 687 ·
409 649 444 710 7.
477 639 668 705 Melanthoni
684 642 853 723 hospitium
870 644 994 707 offertur
1010 642 1429 714 aloachimoliiarch.Elect.

478 755 607 822 loannes
619 759 789 821 Fridericus
804 753 856 827 ΕΙ.
873 763 980 841 capitis
996 762 1161 824 damnetur.

389 881 446 946 10.
480 871 701 941 hethaeum
723 875 846 938 viduam
869 874 1048 941 inDaniam
1065 880 1226 962 perducere
1240 884 1413 960 constituit,
1439 882 1491 945 sed
1507 894 1575 964 post
1590 902 1701 964 paucos
1719 884 1781 942 dies
1794 894 1919 962 propter
1935 879 2096 979 periculo,
2112 884 2228 936 mutato
2243 876 2383 950 consilio,

532 979 610 1040 redit
626 977 845 1058 Bruusvigam,
871 983 926 1041 nbi
947 982 1037 1043 vidua
1054 978 1184 1044 Lutheri
1205 989 1325 1046 mansit.
1376 980 1446 1067 lpse
1466 984 1546 1066 apud
1569 1006 1600 1043 se
1623 991 1819 1044 constitutum
1844 984 1987 1057 habebat,
2013 984 2044 1039 iu
2061 979 2206 1058 patriam,
2233 973 2385 1037 Palatinu-

456 1094 460 1109 '
532 1093 617 1158 tum,
650 1084 736 1142 cuius
756 1100 867 1161 tegno
891 1103 1007 1165 semper
1028 1088 1184 1145 tenebatur
1199 1084 1366 1163 desiderio,
1392 1108 1473 1148 nunc
1486 1085 1600 1163 redire,
1625 1086 1754 1169 ideoque
1767 1083 1952 1149 Northusam
1965 1080 2003 1141 ad
2016 1077 2259 1158 lileienburgium
2272 1098 2385 1139 consu-

532 1185 593 1243 lem
605 1203 636 1243 se
649 1202 781 1266 suosque
798 1181 951 1263 conferre,
976 1199 1007 1247 et
1022 1188 1112 1265 inde,
1138 1191 1165 1246 si
1183 1191 1231 1246 via
1247 1200 1312 1248 tuta
1329 1188 1441 1268 forent,
1468 1191 1593 1248 ulterius
1610 1189 1764 1268 progredi.
1815 1182 1864 1266 (V
1864 1187 1906 1248 id.
1921 1189 1985 1246 eius
1998 1204 2046 1263 ep.
2062 1183 2093 1247 d.
2107 1182 2137 1244 d.
2155 1182 2189 1246 6.
2205 1174 2274 1244 lun.
2293 1179 2325 1241 h.
2342 1181 2385 1256 a.)

441 1338 449 1356 ·
484 1296 539 1364 Fae
553 1284 813 1382 Wernigarodae,
837 1312 867 1362 et
886 1308 1051 1382 praemittit
1065 1298 1232 1383 Georgium
1248 1300 1412 1383 Maiorem,
1438 1327 1523 1366 suam
1546 1317 1576 1365 et
1597 1300 1703 1365 Sabini
1721 1307 1832 1393 filiam,
1859 1318 1889 1366 et
1906 1307 2002 1364 lilium
2015 1295 2202 1361 Northusam
2215 1297 2254 1358 ad
2266 1294 2386 1358 llleien-

536 1405 696 1483 burgium,
723 1405 788 1483 ipse
801 1414 902 1463 autem
917 1407 1006 1468 rediit
1021 1404 1222 1485 Brunsvigam
1234 1406 1272 1466 ad
1286 1428 1415 1469 uxorem
1429 1421 1459 1469 et
1472 1409 1689 1489 supellectilem
1704 1408 1748 1466 ibi
1762 1410 1897 1467 relictam
1909 1398 2168 1467 transvehendum.

395 1518 452 1581 18·
486 1516 550 1581 Pax
565 1523 643 1581 inter
661 1514 816 1582 Gaesarem
835 1534 865 1582 et
878 1516 1023 1585 Ioannem
1036 1523 1061 1585 F
1061 1524 1222 1585 ridericum
1237 1519 1425 1603 Electorem,
1450 1524 1529 1585 fecta
1541 1524 1713 1584 interventu
1728 1519 1866 1585 Electore
1882 1520 2158 1598 Braudenburgico.

444 1670 453 1688 ·
486 1634 622 1697 Uxorem
637 1649 668 1697 et
682 1641 901 1717 supellectilem
916 1640 1080 1701 transvehit
1096 1637 1290 1703 Northusam.

393 1751 453 1815 21·
490 1749 616 1813 loannes
638 1748 806 1819 Fridericus
830 1759 926 1837 copiis
950 1760 1011 1818 suis
1035 1775 1252 1818 sacramentum
1273 1763 1400 1821 militiae
1419 1760 1561 1834 remittit,
1592 1770 1621 1818 et
1644 1759 1744 1833 iubet,
1777 1769 1813 1817 ut
1829 1767 1896 1818 ante
1913 1756 1992 1817 diem
2010 1758 2131 1814 tertium
2149 1754 2252 1811 urbem
2272 1745 2390 1808 Caesari

537 1854 663 1919 tradant.

397 1970 456 2033 23·
487 1968 680 2051 Witteberga
697 1984 862 2054 occupatur
878 1976 915 2035 ab
932 1976 1064 2036 exercitu
1081 1974 1225 2040 Caesaris.

396 2079 455 2147 24·
487 2085 667 2151 Melanthou
689 2099 734 2148 est
753 2093 786 2147 iu
809 2091 923 2172 oppidu
938 2089 1105 2172 Eimbeck,
1139 2104 1169 2155 et
1186 2095 1343 2156 intercedit
1363 2115 1418 2176 pro
1437 2091 1619 2155 Academiae
1633 2090 1766 2156 Witteb.
1783 2088 2001 2173 professoribus
2016 2086 2096 2168 apud
2114 2084 2390 2165 Oberuburgerum,

537 2190 727 2253 secretarium
742 2186 884 2255 Caesarie·

396 2298 456 2367 26·
489 2302 597 2369 Caeam
612 2308 677 2386 ipss
692 2318 736 2369 att
750 2303 970 2388 Wittebergae.

397 2421 457 2486 26·
490 2420 586 2485 Mittit
600 2424 786 2483 tabellarium
800 2420 1043 2507 Wittebergam,
1070 2443 1104 2490 ut
1120 2433 1258 2511 exploret
1271 2441 1382 2492 statum
1397 2432 1489 2493 urbis.
1543 2425 1690 2508 Georgius
1704 2423 1802 2486 Maior
1818 2445 1849 2485 se
1865 2423 1982 2485 confert
1998 2417 2176 2484 Goeleriem.

395 2538 456 2602 ⁴28.
491 2537 670 2602 Melanthon
689 2518 1017 2606 iterumoommoratur
1032 2542 1214 2610 Northusae.

401 2655 459 2717 29·
491 2651 607 2719 lterum
621 2667 744 2719 vocatur
760 2658 794 2717 iu
806 2654 973 2722 Marchiam
987 2682 1005 2721 a
1020 2658 1175 2724 loachimo
1190 2660 1286 2729 Elect.

428 2931 462 2999 ὅ·
497 2937 598 3023 Rogat
613 2938 780 3025 Georgium
794 2939 1013 3024 Anhaltinum,
1040 2962 1074 3010 ut
1090 2948 1252 3010 intercedet
1267 2969 1323 3029 pro
1340 2942 1425 3010 lusto
1437 2940 1513 3008 Iona
1528 2947 1608 3028 apud
1621 2943 1797 3009 Mauritium
1814 2943 1942 3009 Ducem.

495 3056 633 3120 Vocatur
647 3062 683 3121 ab
699 3058 865 3122 Academia
880 3060 1085 3143 Tubingensi,
1113 3066 1164 3127 sed
1178 3068 1321 3126 retinetur
1335 3085 1440 3161 amore
1452 3068 1616 3124 amicorum
1631 3063 1679 3126 W
1680 3067 1933 3144 ittebergensium.

427 3170 462 3232 6·
497 3173 692 3258 Wittebsrge
707 3198 724 3236 a
739 3173 863 3241 Ciesare
879 3180 1005 3240 traditur
1018 3178 1162 3244 Mauritio
1177 3179 1276 3259 Duci,
1304 3187 1358 3265 qui
1371 3186 1403 3243 iu
1418 3203 1502 3244 suam
1517 3182 1606 3242 fidem
1622 3183 1701 3242 cives
1716 3182 1826 3261 adigit,
1853 3193 1883 3240 et
1897 3181 2115 3240 restitutionem
2131 3174 2311 3238 Academiae
2326 3198 2399 3257 pro-

547 3281 641 3340 mittit
656 3275 792 3343 Senatui.

430 3386 465 3449 8·
497 3389 610 3456 Rector
623 3391 824 3472 Academiae,
852 3391 963 3476 Caspar
980 3391 1140 3476 cruciger,
1166 3393 1348 3460 Academiae
1365 3399 1502 3460 doctores
1515 3401 1609 3458 literis
1624 3401 1750 3476 invitat,
1776 3411 1810 3459 ut
1825 3398 1946 3459 redeant
1961 3395 2195 3476 Wittebergam.

456 3539 465 3559 ·
497 3508 571 3572 Filii
596 3506 719 3572 loannis
741 3510 885 3572 Friderici
907 3509 1073 3591 Electoris,
1107 3517 1281 3593 scripserant
1306 3518 1344 3577 ad
1364 3514 1612 3591 Melanthouem,
1645 3528 1673 3575 et
1698 3529 1890 3595 rogaverant,
1924 3537 1962 3574 ne
1988 3517 2024 3574 ab
2050 3518 2087 3577 iis
2109 3513 2236 3574 discedat
2257 3513 2294 3572 ad
2316 3513 2401 3572 alios.

548 3608 742 3692 Respondet,
771 3634 802 3674 se
826 3616 916 3674 malle
939 3617 1002 3676 illis
1021 3634 1112 3698 quam
1135 3617 1202 3677 aliis
1223 3608 1361 3696 servire,
1384 3639 1484 3703 neque
1505 3620 1583 3678 velle
1608 3619 1640 3676 iu
1663 3619 1736 3678 alias
1755 3620 1892 3698 regiones
1908 3616 2074 3695 discedere,
2109 3616 2162 3677 sed
2179 3612 2402 3691 Wittebergem

550 3716 708 3793 proficisci.

367 3827 371 3837 '
409 3817 467 3881 11·
499 3824 601 3892 Iustus
613 3825 703 3891 lonas
718 3831 841 3907 vocatus
857 3845 900 3892 est
916 3833 954 3893 ad
969 3835 1216 3913 gubernationem
1230 3831 1381 3896 Ecclesiae
1395 3841 1427 3897 iu
1446 3806 1560 3917 oppido
1576 3833 1776 3897 Hildesheim.

409 3938 469 4000 13·
500 3944 638 4008 Vocatus
653 3959 697 4009 est
709 3949 746 4007 ab
759 3949 864 4016 amicis
876 3940 1112 4032 Wittebergam.

407 4050 468 4114 18·
502 4061 663 4144 Philippus
677 4058 887 4145 Landgravius
899 4064 1025 4129 Hassiee
1040 4068 1149 4131 Halam
1165 4070 1248 4130 venit
1261 4068 1299 4129 ad
1311 4066 1478 4136 Caesarem.

412 4167 469 4232 19·
501 4175 711 4261 Landgravius
725 4202 756 4242 se
771 4183 890 4243 subiicit
906 4181 1024 4247 Caesari
1038 4199 1067 4248 et
1085 4193 1220 4269 captivus
1236 4190 1390 4250 retinetur·

502 4293 681 4360 Melanthon
695 4311 850 4362 revocatus
866 4299 1097 4383 eBugenhagio
1113 4317 1143 4365 et
1159 4302 1320 4402 Crucigero
1337 4309 1510 4384 constituit,
1536 4303 1760 4385 Wittebergam
1775 4300 1934 4385 proficisci.

410 4393 469 4463 24·
503 4410 575 4475 Filii
594 4408 719 4476 loannis
736 4413 878 4477 Friderici
892 4414 1056 4496 Electoris,
1087 4424 1208 4483 monitu
1231 4425 1342 4501 patris,
1373 4421 1411 4483 td
1426 4420 1655 4485 Melentbonem
1668 4427 1863 4503 scripserant,
1896 4431 1931 4479 ut
1945 4416 2086 4477 indicaret
2103 4419 2204 4477 locum
2219 4417 2270 4474 ubi
2288 4435 2406 4474 retorsere

552 4518 637 4578 velit.
687 4513 879 4600 Respondet,
905 4541 936 4578 se
955 4523 1039 4581 brevi
1055 4519 1239 4583 Wimeriam
1256 4537 1416 4585 venturum
1434 4535 1463 4585 et
1478 4545 1512 4584 ea
1530 4524 1567 4585 de
1584 4546 1616 4585 re
1628 4546 1699 4586 curn
1714 4528 1752 4586 iis
1767 4520 2015 4605 colloquutur'um
2028 4538 2099 4579 esse.

439 4767 473 4830 2·
506 4764 544 4830 ln
565 4772 633 4830 aula
646 4766 863 4847 Wimarlensi,
897 4792 958 4854 quo
971 4768 1125 4836 Pomanus
1147 4786 1176 4836 et
1191 4777 1366 4838 Franciscus
1381 4772 1574 4838 burchardus
1595 4788 1812 4854 convenerant,
1845 4774 2025 4836 deliberatur
2048 4770 2085 4830 de
2105 4768 2305 4831 transferenda
2324 4765 2407 4828 Aca-

557 4870 654 4931 demia
670 4868 908 4953 Wittebergensi
923 4877 957 4934 iu
972 4878 1122 4957 oppidum
1138 4874 1344 4959 Thuringiae,
1371 4890 1401 4940 et
1416 4879 1539 4963 quidem
1554 4874 1670 4949 lenam.

441 4986 474 5048 8·
508 4983 615 5051 Caesar
628 4987 734 5049 indicit
748 4992 870 5052 comitia
884 4994 1044 5072 Augustae
1056 4990 1285 5056 vindelicorum
1300 4995 1445 5057 habenda.

439 5099 474 5160 7·
509 5100 639 5167 Scribit:
678 5104 799 5183 „hodie
820 5108 877 5168 iter
900 5110 1051 5189 ingredior
1067 5108 1289 5193 Wittebergam
1311 5108 1527 5194 protecturus?
1577 5108 1714 5173 l‘rhnum
1737 5110 1811 5170 abiit
1828 5103 2030 5185 Wimariam,
2064 5106 2116 5167 nbi
2140 5108 2323 5187 colloquitur
2339 5121 2409 5161 cum

560 5203 697 5290 Pontano
709 5219 740 5267 et
752 5204 888 5269 Ducibus
901 5206 1072 5290 Saxoniae,
1096 5216 1166 5274 filiis
1183 5211 1337 5277 Electoris.

420 5324 476 5387 12·
512 5316 566 5383 Est
582 5323 680 5384 adhuc
695 5318 864 5385 Wimariae
877 5339 907 5385 et
922 5331 1096 5402 constituit,
1122 5335 1248 5394 ulterius
1264 5334 1411 5414 proficisci
1424 5327 1645 5412 Witsbergam.

420 5435 474 5503 tt.
509 5434 626 5501 Mutato
641 5444 769 5504 coneilio
785 5440 861 5529 redit
875 5438 1068 5508 Northusam.
