4882 6426
273 291 350 369 tte

275 465 346 544 No.
361 465 476 541 3828.

285 563 457 597 Μ
604 612 709 723 Cpb.
718 612 953 695 Pannonio.

432 793 518 868 Epist.
533 792 581 847 lib.
590 792 623 846 V.
644 810 671 862 p.
686 789 738 847 327
751 810 791 861 sq.

873 263 1306 361 urrsrouuauu
1356 277 1533 354 urna.
1586 220 1717 354 ana
2256 272 2338 350 eso

1138 468 1171 530 8.
1188 458 1268 542 Ape.
1336 467 1439 524 antea
1476 449 1755 533 adficiebamini,
1802 462 1835 518 et
1860 447 1970 518 'nunc
2008 449 2174 519 societate
2218 449 2340 522 luctus

1097 551 1269 581 ’Ν
1335 569 1368 625 et
1388 554 1587 625 moestitiae
1611 551 1893 623 benevolentiam
1916 564 2068 621 vestram
2102 574 2184 640 erga
2213 576 2272 622 me
2301 569 2338 626 et

1334 681 1431 728 meos
1447 655 1642 726 declaratis.
1691 652 1837 724 Utinam
1853 654 1956 722 vobis
1976 652 2130 722 vicissim
2153 654 2337 726 declarare

1333 784 1449 830 meam
1466 782 1545 848 erga
1564 780 1627 826 vos
1644 756 1926 826 benevolentiam
1946 755 1985 823 in
2007 754 2079 824 alio
2100 779 2230 846 genere
2253 759 2336 829 offi-

1334 863 1381 931 cii
1410 861 1621 932 iucundiore
1649 860 1793 951 possim.
1862 856 1949 927 Misi
1979 852 2076 926 hunc
2107 859 2333 931 tabellarium

314 945 411 1027 Chr
421 951 460 1023 ἵε
471 943 643 1049 ἰθΡῘΙΟΓ
651 973 672 1018 ⁰
694 942 732 1016 Ρ
732 974 755 1018 ⁰
766 974 790 1016 '²
802 947 943 1017 ”⁰⁸5⁰
969 941 1179 1044 (Τῆθθῖθὸθ
1205 945 1245 1025 in
1334 965 1441 1049 istuc,
1467 977 1628 1032 nontam
1644 976 1683 1031 ut
1697 961 1766 1029 cito
1783 961 2018 1029 redderentur
2036 960 2103 1029 tibi
2121 961 2246 1031 literae
2264 963 2334 1032 viri

605 1046 721 1126 Acad·
745 1044 947 1149 hams)
1335 1066 1520 1135 clarissimi
1535 1063 1580 1135 D.
1595 1061 1760 1134 Doctoris
1775 1056 1996 1154 Augustini,
2023 1087 2128 1155 quam
2146 1077 2185 1134 ut
2207 1059 2249 1132 V
2247 1061 2335 1134 icto-

276 1169 326 1262 S,
353 1186 399 1262 D,
471 1184 685 1257 Doctissime
719 1199 752 1254 et
782 1178 985 1251 charissime
1014 1177 1283 1275 christophore,
1336 1166 1419 1237 rino
1434 1156 1967 1252 tradanturloachimiliterae,
1985 1166 2053 1257 qui
2068 1165 2137 1234 iam
2155 1160 2335 1235 inFrau-

276 1284 432 1360 Paulus
448 1300 570 1358 noster
585 1312 664 1356 cum
682 1287 762 1355 aliis
779 1309 815 1354 se
834 1284 1014 1354 beneficiis
1035 1311 1054 1353 a
1072 1299 1105 1354 te
1123 1300 1284 1356 amanter
1336 1269 1412 1339 ⁶¹⁸0ss
1434 1294 1532 1339 oram
1555 1293 1636 1339 cum
1663 1268 1798 1336 familia
1829 1269 2007 1357 Ρΐθῖθῑῐϋ8
2034 1282 2096 1339 eSl·
2156 1266 2335 1338 carolum

283 1407 449 1463 ornatum
472 1414 542 1458 esse
568 1401 704 1472 narrat,
736 1400 810 1456 tu'm
840 1383 907 1456 hoc
937 1388 1144 1477 praecipue,
1186 1389 1282 1480 quod
1336 1371 1426 1464 Imp.
1440 1372 1628 1441 adfirmant
1651 1372 1695 1439 ad
1713 1366 1862 1462 Egram
1886 1370 2084 1487 necessisse,
2111 1372 2175 1440 ubi
2200 1374 2336 1443 exerci.

281 1487 543 1588 ὁμοτράπεζον
561 1490 693 1570 fecisti,
723 1514 829 1583 quam
856 1489 1132 1559 familiaritatem
1157 1503 1189 1559 ρῑ
1209 1490 1284 1581 ipse
1335 1489 1392 1545 tus
1414 1473 1620 1545 Caesariani
1647 1485 1682 1590 ep
1705 1470 1924 1541 Mauriciam
1946 1488 2220 1562 coniungeutur.
2272 1472 2336 1544 ln·

280 1597 417 1667 iudicat
440 1591 497 1691 (ut
518 1606 690 1676 vetustas,
723 1592 852 1680 melius
874 1604 1031 1675 morata,
1065 1617 1171 1684 quarn
1195 1588 1283 1661 haec
1335 1572 1816 1666 ⁵1³1isslflffEl’ifflfflbelli,
1842 1572 2063 1691 quafflqnfflss
2086 1575 2338 1646 θθῑθΐΰῠὸΡὸ-

258 1682 395 1776 aetas,
417 1695 608 1787 sentiebat)
625 1694 796 1783 singulari
812 1693 984 1781 religione
1000 1694 1282 1767 colendamesse.
1335 1693 1389 1748 ῑθῑ
1409 1677 1558 1748 DOmissi
1582 1676 1696 1745 ¹¹⁰⁵lfi
1719 1674 1797 1745 1⁰⁸⁸
1821 1672 2181 1793 Chrssllugubem‘l,
2223 1703 2333 1771 quem

279 1797 372 1873 Cum
392 1797 504 1887 igitur
519 1797 623 1865 initio
650 1821 730 1864 eum
754 1809 900 1886 propter
921 1820 1016 1864 meas
1041 1795 1161 1865 literas
1184 1822 1282 1866 com.
1335 1796 1407 1851 toto
1433 1794 1574 1872 pectore
1594 1803 1677 1863 oro,
1710 1792 1751 1848 ut
1772 1779 1817 1846 ab
1840 1775 2010 1847 Ecclesns
2033 1779 2162 1849 nostris
2181 1794 2214 1849 et
2232 1805 2251 1848 a
2269 1805 2333 1848 ve-

280 1902 406 1995 plexus
440 1900 508 1984 sis,
550 1899 699 1986 gratiam
733 1898 801 1967 tibi
831 1893 957 1969 habeo.
1018 1895 1143 1969 Postea
1171 1899 1282 1990 ipsius
1335 1885 1416 1953 stris
1447 1883 1659 1970 coniugibus
1688 1892 1725 1948 et
1749 1879 1868 1969 parvis
1890 1882 2055 1970 gregibus
2077 1881 2272 1950 liberorum
2300 1896 2335 1948 et

220 2049 223 2052 >
279 2001 456 2073 modestia
476 2014 509 2070 et
526 2001 697 2089 gravitate
714 2013 749 2069 te
773 2001 818 2068 ad
837 2000 912 2069 eius
935 1998 1126 2068 amicitiam
1151 2002 1282 2070 invita·
1336 1981 1743 2079 ΠὶἆῠῙῙ8’ΗίθΙΜῙῑῖΰίῐῙη
1773 1982 1956 2051 saeviliam
1985 1997 2112 2056 amal·
2173 1980 2272 2053 Bene
2303 1996 2335 2052 01

280 2120 359 2177 tum
378 2125 543 2173 essenon
561 2102 698 2171 dtrbito.
1335 2088 1486 2157 feliciter
1498 2088 1587 2159 vale.
1639 2086 1711 2154 Die
1726 2108 1798 2177 quo
1817 2084 2014 2154 celebratur
2028 2085 2200 2154 memoria
2217 2086 2334 2155 admi-

382 2202 652 2295 Dessepublica
680 2227 776 2271 nunc
792 2197 886 2270 nihil
903 2203 1039 2287 scribo,
1066 2204 1150 2295 quia
1165 2204 1282 2296 prius.
1334 2190 1439 2259 randi
1463 2189 1604 2259 consilii
1629 2187 1766 2271 divini,
1793 2211 1863 2279 quo
1888 2186 2022 2256 Filium
2047 2201 2211 2257 aeternus
2231 2186 2335 2258 Pater

279 2331 387 2402 quam
410 2297 557 2374 Paulus
580 2308 670 2375 istuc
694 2305 831 2388 veniet,
873 2304 995 2373 audies
1027 2306 1185 2375 fortassis
1214 2301 1283 2377 τὸν
1334 2316 1399 2384 Ps⁰
1414 2292 1519 2361 ¹¹01)ss
1536 2289 1716 2359 Vicllfflssm
1730 2289 1808 2358 fieri
1824 2289 1949 2358 ‘'⁰¹¹¹il·

279 2398 389 2482 ἀετὸν
413 2409 458 2476 ad
480 2402 604 2476 Albim
627 2407 819 2477 advolasse.
879 2403 959 2493 Qua
984 2407 1090 2475 dere
1113 2408 1281 2498 cogitanti

277 2511 378 2582 venit
396 2509 436 2578 in
449 2522 625 2593 mentem,
653 2532 695 2577 eo
713 2532 820 2591 anno,
847 2532 918 2600 quo
936 2533 954 2576 a
970 2501 1014 2576 F
1011 2503 1165 2577 riderico
1182 2508 1285 2579 Duce

279 2612 456 2686 Senoniae
475 2606 636 2680 Carolus
651 2612 781 2680 electus
797 2624 860 2692 est,
886 2610 993 2699 paulo
1010 2611 1182 2692 amciter,
1209 2636 1281 2705 quo
1334 2660 1368 2731 N
1418 2660 1520 2731 3830

277 2711 577 2784 Francolordiam
602 2713 646 2780 ad
671 2710 847 2780 Moenum
876 2716 922 2781 ad
947 2709 1170 2783 Electionem
1196 2739 1282 2805 pro·
1343 2687 1533 2784 2⁰02„

276 2815 507 2892 ficisceudum
546 2813 631 2897 suit,
680 2815 836 2907 aquilam
872 2829 906 2884 et
934 2815 1134 2906 aquilarum
1164 2817 1281 2908 pullos

277 2941 358 2987 cnm
380 2917 471 2985 nido
502 2917 540 2984 in
571 2939 717 2985 nemore
745 2910 919 2985 Thebano
937 2908 974 3009 *)
1003 2917 1167 2987 inventos
1198 2941 1283 3001 esse,

283 3041 373 3112 quos
386 3018 473 3087 vidi.
526 3016 625 3087 Bene
641 3019 731 3092 vale.
787 3016 849 3089 vl.
870 3017 952 3088 ldus
969 3014 1118 3109 Aprilis.

979 3118 1180 3212 Philippus.

2124 2715 2128 2726 ·
2157 2668 2210 2744 (8·
2227 2662 2322 2747 Art-l

1688 2842 1742 2929 V.
1766 2842 1984 2957 Strigelio.
2048 2931 2050 2934 a

1405 3019 1494 3089 Epist.
1512 3021 1560 3079 lib.
1578 3020 1614 3075 ll.
1633 3039 1662 3091 p.
1676 3021 1733 3077 122.
1758 3021 1835 3090 (edit.
1850 3021 1939 3077 Lond.
1956 3017 2003 3074 lib.
2020 3018 2055 3073 ll.
2073 3038 2116 3091 ep.
2131 3018 2214 3086 lou).

1479 3170 1649 3248 Domino
1681 3176 1936 3251 Victorino
1959 3174 2193 3272 Strigelio

516 3359 518 3362 -
618 3339 1279 3350 -----····-·--·--··
1338 3299 1381 3383 S.
1403 3316 1447 3389 I).
1505 3313 1584 3385 Etsi
1605 3317 1791 3386 literarum
1815 3319 1929 3387 studia
1954 3317 2144 3386 conterrita
2169 3316 2335 3385 civilibus

1237 3488 1243 3503 ,
1338 3419 1464 3501 armis,
1489 3419 1713 3506 languidiora
1738 3443 1835 3489 nuuc
1859 3444 1932 3489 esse
1954 3421 2129 3488 videmus:
2157 3432 2277 3487 tamen
2300 3431 2334 3486 et

1106 3481 1285 3600 Q
1337 3517 1531 3589 Ecclesiam
1548 3522 1648 3590 Deus
1664 3534 1828 3590 aeternus
1842 3520 1947 3591 Pater
1961 3520 2109 3591 Domini
2126 3522 2240 3590 nostri
2255 3519 2335 3590 lesu

1338 3617 1485 3702 Christi,
1508 3636 1543 3692 et
1559 3645 1679 3691 semen
1695 3636 1856 3693 sanctum
1871 3625 2030 3717 aliquod,
2055 3636 2096 3692 ut
2104 3618 2252 3692 Esaias
2267 3648 2334 3691 no-

1339 3724 1469 3808 minat,
1503 3725 1669 3797 servabit.
1732 3723 1895 3818 Cumque
1918 3750 2052 3817 sperem
2077 3726 2115 3793 in
2138 3749 2177 3794 ea
2202 3749 2262 3809 re,
2296 3727 2333 3794 id

1338 3839 1407 3908 est,
1442 3827 1480 3892 in
1507 3826 1649 3895 tuendis
1669 3820 1847 3894 Ecclesiae
1870 3827 2032 3921 reliquiis
2059 3842 2093 3896 et
2116 3827 2333 3910 erudiendis,

1338 3939 1371 3995 te
1388 3927 1550 3996 futurum
1567 3950 1641 3995 esse
1662 3920 1847 4026 odvapyov
1859 3929 1973 4000 θεοῦ·
2002 3930 2130 3999 studiis
2146 3931 2217 4000 tuis
2231 3930 2334 3998 valde

266 3477 475 3600 NCQ·

277 3585 335 3615 ⁴
610 3628 704 3710 Iac.
735 3628 955 3714 Milichie.

347 3814 439 3889 apta.
455 3808 503 3863 ru.
521 3808 554 3864 u.
575 3826 601 3880 p.
616 3807 679 3862 esa.
699 3808 754 3875 (aa.
767 3807 856 3862 rona.
872 3806 918 3862 uu
933 3806 967 3862 u.
986 3825 1028 3880 ep.
1043 3809 1130 3876 arou.

532 3963 586 4041 D.
609 3961 783 4036 Iacobo
806 3960 1043 4035 Milichie

277 4087 326 4183 S,
351 4107 401 4178 D.
452 4098 623 4170 Tutiam
649 4101 884 4169 annisliliam
907 4100 984 4170 Deo
1019 4101 1170 4170 assiduis
1192 4102 1285 4172 votis

280 4203 551 4286 commendavi,
598 4225 689 4292 quae
719 4227 792 4271 non
831 4202 1030 4271 existimavi
1063 4202 1164 4274 irrita
1197 4205 1284 4283 lore,

279 4308 488 4404 praesertim
505 4329 586 4375 cum
603 4305 789 4373 manifesta
807 4306 885 4373 luce
902 4304 1043 4386 divina,
1069 4299 1161 4372 mihi
1177 4306 1285 4374 semel

279 4412 391 4484 stanti
412 4413 451 4480 in
475 4407 624 4497 templo,
658 4406 893 4496 significatum
918 4406 981 4490 sit,
1003 4406 1113 4475 filiam
1129 4404 1206 4476 Deo
1222 4433 1284 4478 cu-

282 4539 343 4585 rae
376 4517 532 4584 futuram
561 4532 645 4581 esse.
712 4506 833 4596 Quare
855 4509 919 4578 etsi
946 4509 1121 4577 naturalis
1146 4505 1284 4608 στοργὴ

283 4617 379 4710 parit
399 4608 490 4682 mihi
512 4634 607 4680 acres
627 4611 787 4692 dolores,
818 4611 986 4699 cogitanti
1002 4613 1046 4679 de
1063 4612 1138 4680 eius
1154 4627 1284 4682 morte:

183 4802 186 4806 Α
279 4735 404 4792 tamen
418 4739 497 4784 cum
509 4737 645 4803 sperem
662 4737 738 4781 eam
754 4713 927 4782 divinitus
942 4713 980 4779 in
995 4713 1194 4782 societatem
1205 4738 1285 4783 coe-

282 4820 381 4890 lestis
397 4813 577 4886 Ecclesiae
593 4817 788 4883 traductam
807 4838 880 4882 esse
897 4810 1058 4904 (luerunt
1074 4815 1169 4882 enim
1184 4816 1284 4904 signa

281 4921 425 5016 pietatis
448 4929 530 5004 ante
552 4929 702 4984 mortem
729 4917 879 4984 illustria
901 4938 981 5004 erga
1006 4916 1126 4984 Deum
1149 4931 1182 4986 et
1205 4939 1285 5005 erga

281 5024 478 5101 maritum,
504 5033 545 5088 ut
560 5013 727 5085 Sabinus
750 5019 824 5108 ipse
847 5017 969 5087 scribit
978 5012 1007 5111 ‚)
1033 5012 1099 5086 hac
1123 5020 1285 5088 consola-

281 5127 378 5197 tione
399 5121 591 5215 praecipua
616 5143 672 5186 me
694 5119 809 5207 erigo:
860 5117 946 5187 Tibi
971 5143 1055 5188 vero
1083 5132 1118 5188 et
1140 5121 1284 5190 caeteris

281 5226 404 5323 amicis
419 5223 568 5314 gratiam
589 5215 725 5304 habeo,
753 5221 849 5314 quod
866 5234 899 5289 et
917 5220 1015 5291 illius
1039 5222 1283 5293 misericordia

315 5473 346 5542 ¹¹¹)
367 5475 424 5529 be.
444 5473 472 5525 in
487 5470 573 5541 sylvis
590 5469 618 5524 in
634 5470 732 5524 vicinia
748 5470 841 5542 oppidi
858 5472 978 5546 Dttben..

1337 4028 1455 4113 faveo,
1481 4042 1516 4098 et
1531 4031 1649 4099 Deum
1665 4054 1791 4121 precor
1806 4045 1851 4101 ut‘
1870 4055 1908 4100 ea
1932 4033 2114 4120 gubernet.
2168 4029 2221 4100 Te
2245 4055 2335 4125 quo-

1338 4154 1406 4222 que
1421 4127 1610 4215 adhortor,
1634 4145 1674 4201 ut
1692 4133 1883 4202 amicitiam
1903 4150 2060 4204 nostram
2077 4147 2208 4207 tueare.
2244 4132 2335 4204 Pro·

1337 4236 1414 4301 dest
1437 4233 1533 4301 enim
1558 4230 1738 4302 Ecclesiae
1763 4236 1985 4305 eruditorum
2012 4235 2230 4306 coniunctio.
2283 4232 2335 4306 Ac

1338 4356 1440 4424 saepe
1472 4336 1586 4404 nostri
1615 4336 1752 4404 ordinis
1785 4333 1992 4407 homiuibus
2026 4360 2148 4408 versus
2178 4338 2336 4423 recitavi,

1338 4437 1399 4528 qui
1416 4450 1534 4508 extant
1549 4438 1587 4506 in
1605 4440 1757 4532 quadam
1769 4433 2112 4529 epistolaPlalonis,
2139 4439 2207 4530 ipsi
2218 4441 2334 4523 etiam,

1337 4551 1379 4607 ut
1392 4554 1546 4630 apparet,
1570 4541 1673 4608 valde
1689 4543 1840 4631 probati,
1867 4538 1912 4612 οὐ
1925 4538 2066 4636 χρυσὸς
2079 4538 2230 4639 ἀγλαὸς,
2248 4537 2330 4616 οὐδ’

1337 4634 1486 4732 ἀδάμας
1501 4637 1620 4722 οὕτως
1635 4635 1836 4733 ἀστράπτει
1853 4638 1945 4735 πρὸς
1961 4642 2075 4738 ὄψεις,
2103 4639 2153 4723 ὥς
2170 4642 2333 4744 ἀγαθῶν

1338 4737 1492 4840 ἀνδρῶν
1514 4736 1776 4840 ὁμοφράδμων
1799 4737 1933 4839 νόησις.
2002 4744 2142 4814 Horum
2165 4771 2331 4819 versuum

1338 4847 1519 4915 doctrinae
1543 4847 1839 4937 obtemperemus.
1891 4845 1988 4917 Bene
2010 4849 2090 4916 vale
2113 4863 2148 4918 et
2171 4852 2329 4922 rescribe

1337 4948 1409 5016 Die
1432 4973 1502 5040 quo
1534 4949 1704 5018 memoria
1735 4949 1933 5020 celebratur
1963 4951 2167 5021 admirandi
2193 4952 2329 5023 consilii

1336 5049 1469 5133 divini,
1496 5074 1566 5142 quo
1594 5064 1758 5120 aeternus
1774 5049 1879 5123 Pater
1901 5053 2036 5123 Filium
2056 5077 2122 5145 pro
2148 5057 2256 5126 nobis
2279 5053 2326 5122 vi·

1337 5152 1479 5221 ctimarn
1495 5151 1570 5220 fieri
1584 5153 1709 5227 voluit.
