4882 6426
196 341 273 418 an
790 317 1232 404 nersronaauu
1279 255 1390 410 nra.
1418 323 1467 409 x.
1519 319 1654 410 rau.
2172 316 2252 403 aaa

192 526 287 591 etant
311 523 431 582 nostra
453 519 613 601 peccata3
646 502 707 572 sed
724 498 822 572 Deus
836 524 901 593 pro
916 499 1023 572 nobis
1036 498 1196 589 increpat
1247 516 1282 575 et
1308 503 1425 575 salvus
1451 502 1523 578 fiat.
1583 499 1685 592 Quae
1704 497 1812 571 verba
1833 496 1898 571 nbi
1922 497 2065 569 rescivit
2085 498 2256 595 princeps

193 618 362 692 Satanam
383 623 604 683 accusantem
630 629 712 674 nos:
753 616 793 673 tu
815 603 895 697 quis
916 627 950 673 es
973 599 1035 697 qui
1060 598 1195 670 iudices
1247 598 1458 676 Modresca
1474 600 1535 701 ¹²),
1565 605 1628 698 qui
1649 602 1734 674 satis
1753 604 1911 674 modeste
1925 614 1960 671 et
1973 602 2167 672 clementer
2180 605 2253 695 agit

193 720 352 791 alienum
365 711 533 786 servum?
580 707 737 780 Domino
753 728 819 781 suo
831 719 901 779 stat
914 717 974 778 aut
990 703 1106 787 cadit,
1131 726 1196 793 po-
1247 710 1286 778 in
1309 721 1430 780 nostra
1452 709 1604 780 civitate.
1660 704 1814 776 Nomine
1839 701 2028 774 Caesareae
2054 702 2252 778 Maiestatis

112 858 116 865 ·
194 837 272 896 tens
292 832 409 889 autem
431 812 528 884 Deus
542 807 572 907 ⁸)
594 823 646 880 est
667 822 819 880 statuere
844 833 938 884 eum·
998 804 1089 894 Quis
1113 825 1195 892 crgo
1248 812 1462 904 querebatur
1484 809 1566 879 talia
1589 808 1628 876 in
1651 807 1778 897 vulgus
1799 806 1915 899 spargi
1933 808 1974 874 in
1998 809 2249 879 contumeliam

194 920 374 996 accusabit
403 918 532 988 0100208
564 911 657 985 Dei?
693 904 791 981 Detlss
824 923 893 991 ⁰⁸12
926 908 989 1002 qui
1021 905 1196 978 iustificat·
1248 911 1418 987 Caesaris.
1468 909 1561 995 Cur,
1585 910 1720 1003 inquit,
1745 930 1808 978 vos
1830 932 1904 977 non
1919 908 2035 978 sinitis
2050 931 2118 977 nos
2135 911 2253 1003 quiete

196 1023 288 1117 Quis
303 1036 353 1093 est
368 1020 429 1115 qui
443 1014 678 1089 condemnet?
691 1008 723 1108 ⁶)
755 1009 852 1082 lesus
866 1005 1029 1083 Christus
1043 1019 1110 1093 cst,
1135 1005 1197 1099 qui
1249 1038 1349 1105 agere
1369 1015 1407 1083 in
1429 1027 1548 1083 nostra
1563 1011 1755 1099 religione,
1787 1034 1898 1102 quum
1916 1010 2017 1078 vobis
2033 1034 2158 1102 pacem
2172 1036 2252 1105 per·

195 1114 860 1212 ιη0001130010000000ῑῆ000ΐῖ8,
895 1126 1000 1205 aique
1023 1112 1113 1181 ade0
1135 1109 1198 1200 qui
1249 1118 1422 1187 mittimus
1436 1116 1475 1183 in
1491 1128 1606 1184 vestra
1618 1111 1816 1202 religione?
1866 1109 1947 1180 Non
1963 1113 2189 1203 permittam,
2213 1127 2251 1185 nt

195 1227 421 1300 resuscitatus
447 1236 498 1293 est
519 1235 553 1292 et
568 1220 665 1292 sedet
680 1219 725 1286 ad
741 1218 899 1288 dextram
912 1214 982 1286 Dei
997 1212 1198 1284 etinterce-
1250 1220 1437 1313 quisquam
1460 1218 1499 1285 in
1525 1239 1588 1286 vos
1610 1215 1667 1282 vel
1691 1215 1839 1283 verbum
1855 1209 1894 1307 ¹³)
1920 1217 2177 1287 contumeliose
2200 1219 2253 1289 ia.

198 1330 252 1405 dit
267 1352 332 1422 pro
348 1326 464 1400 nohis.
1251 1333 1334 1406 ctet;
1361 1321 1409 1390 ita
1426 1320 1521 1388 enim
1537 1311 1626 1385 mihi
1641 1314 1810 1385 Caesarea
1826 1312 1994 1385 Maiestas
2009 1321 2204 1395 mandavit.

301 1428 360 1499 Ad
377 1422 442 1496 hos
455 1427 573 1518 itaque
587 1423 743 1492 occultos
757 1418 921 1507 gemitu&
943 1440 1032 1509 quoa
1046 1415 1199 1504 diligen·
1350 1419 1471 1506 Certe,
1493 1420 1631 1489 domini
1655 1418 1725 1485 mei
1750 1430 1785 1487 et
1806 1420 1929 1486 fratres
1945 1413 2163 1506 charissimi,
2186 1424 2253 1494 sub

197 1550 252 1607 ter
267 1557 331 1625 pro
350 1529 519 1599 concione
535 1522 564 1621 ⁷)
580 1522 834 1594 committimus
851 1519 996 1611 populo,
1019 1518 1201 1610 pertinent
1251 1521 1480 1612 Magistratu,
1513 1523 1571 1591 cui
1593 1544 1658 1588 nos
1674 1520 1773 1588 Deus
1795 1518 1962 1604 subiecit,
1987 1544 2060 1589 non
2081 1525 2255 1594 debemus

197 1657 321 1706 omnes
344 1643 486 1699 nostrae
507 1642 540 1698 et
555 1624 733 1696 Ecclesiae
748 1618 884 1694 Christi
900 1623 1140 1703 necessitates,
1167 1631 1200 1687 et
1252 1624 1349 1695 aliud
1373 1648 1473 1693 ocare
1498 1623 1537 1690 in
1560 1621 1702 1713 publico
1725 1645 1788 1712 pm
1806 1618 2015 1709 Magistra„
2036 1638 2177 1712 nostro,
2205 1650 2252 1696 ne

197 1737 294 1831 apud
314 1731 517 1823 semetipsos
539 1730 579 1798 in
600 1727 764 1799 domibus
783 1723 855 1795 suis
879 1736 913 1794 et
933 1722 1105 1792 cubiculis
1129 1720 1201 1790 suis
1252 1728 1331 1820 quis
1354 1727 1424 1796 sihi
1444 1727 1527 1795 inde
1551 1724 1657 1793 saciat
1681 1722 1933 1807 conscientias,
1967 1724 2063 1815 quasi
2087 1727 2167 1817 plus
2185 1729 2250 1797 de·

197 1831 347 2016 &Matth
363 1831 417 1929 6.)
435 1855 514 1902 cum
530 1831 613 1900 filiis
630 1841 664 1898 et
677 1827 810 1915 familia
827 1838 931 1894 orent
946 1838 1068 1894 contra
1084 1819 1201 1891 hostes
1252 1831 1344 1906 beat,
1364 1852 1469 1921 quam
1488 1848 1577 1920 quae
1592 1823 1724 1894 Paulus
1738 1819 1929 1892 Timotheo
1947 1825 2080 1911 scribit,
2092 1841 2133 1898 ut
2148 1831 2253 1922 qnie-

234 1938 376 2010 cclesiae
397 1931 533 2005 Christi
552 1956 617 2025 pro
640 1954 724 2023 pace
747 1943 781 1998 et
803 1928 915 1997 salute
932 1922 1129 2008 Ecclesiae,
1161 1935 1202 1991 ut
1252 1936 1324 2000 tam
1342 1943 1376 1998 ct
1388 1927 1619 2021 tranquillam
1633 1925 1742 1996 vitam
1755 1927 1822 1995 snb
1837 1926 1886 1994 eis
1902 1948 2043 2014 agamus
2059 1951 2138 1998 cum
2153 1933 2255 2001 omni

198 2038 362 2114 Christus
385 2049 499 2107 servet
521 2057 587 2103 1³0³
608 2034 646 2101 in
673 2031 782 2100 verbo
807 2052 871 2099 ⁵110
895 2028 939 2097 ad
962 2027 1110 2117 gloriam
1134 2023 1201 2094 Dei
1252 2032 1380 2123 pietate
1404 2045 1438 2099 et
1456 2053 1595 2098 morum
1614 2023 1797 2097 honestate
1805 2053 1815 2115 3
1848 2041 1882 2096 et
1898 2025 2095 2097 Hieremias
2115 2027 2254 2104 ludaeis

197 2142 311 2238 patris
333 2153 367 2210 et
388 2139 582 2207 multorum
609 2135 767 2204 salutem.
818 2128 908 2200 latae
929 2151 1048 2219 preces
1071 2128 1202 2196 debent
1252 2136 1291 2203 in
1307 2131 1490 2226 Babylone
1505 2129 1667 2220 captivis:
1693 2141 1790 2199 orate
1808 2152 1871 2219 pro
1889 2153 1972 2219 pace
1988 2128 2143 2222 regis¹⁴),
2171 2159 2254 2204 nam

198 2248 398 2316 forteresse
420 2241 459 2308 in
482 2238 642 2320 occulto,
673 2247 715 2304 ut
733 2230 946 2302 dicatnobis
963 2229 1060 2300 Deus
1077 2252 1202 2321 quem-
1253 2237 1292 2303 in
1317 2258 1400 2327 pace
1427 2234 1502 2302 eius
1518 2231 1778 2322 ericpaxvobis
1794 2244 1857 2300 etc,
1905 2228 2256 2324 Reliquapeffinem

199 2346 393 2419 admodum
408 2338 521 2410 Masi:
557 2338 642 2431 quid
668 2337 796 2405 clamas
819 2334 864 2403 ad
881 2332 961 2401 me?
1012 2331 1152 2402 Debent
1169 2342 1202 2398 et
1253 2337 1296 2407 ad
1318 2336 1473 2407 occultos
1497 2333 1665 2425 gemitus,
1691 2346 1731 2402 ut
1753 2332 1837 2405 dixi.
1889 2329 2075 2403 Caeterum
2097 2339 2253 2428 quodad

198 2451 239 2520 in
259 2447 402 2540 publiffl
420 2438 450 2536 ⁸)
473 2428 959 2530 emetriPf⁰⁰011030¹¹⁶2⁹)‚
991 2433 1051 2502 Sed
1067 2433 1144 2502 Sine
1159 2426 1202 2525 ¹⁰)
1253 2438 1551 2530 praedicationem
1580 2435 1708 2504 attinet
1734 2448 1767 2504 et
1792 2435 1834 2502 ad
1861 2458 1996 2504 errores
2011 2431 2048 2527 ¹⁸)
2073 2442 2254 2530 taxandus,

198 2549 335 2628 verbis,
373 2567 462 2639 quae
492 2554 608 2634 posset
639 2540 862 2628 magistratus
889 2550 1027 2619 noster,
1059 2535 1117 2603 cui
1136 2556 1202 2601 nos
1253 2536 1348 2609 nihil
1369 2539 1577 2611 omittimus.
1629 2532 1706 2625 Ego
1730 2560 1750 2604 a
1776 2534 2073 2607 diePentecostes
2095 2540 2253 2635 quinque

197 2649 296 2725 Deus
311 2646 478 2729 subiecit,
503 2644 661 2734 accipere
673 2640 775 2734 (100δί
793 2640 832 2706 in
847 2636 1098 2707 ⁰⁰¹¹i¹1ffleliflffl
1116 2659 1202 2704 ⁰⁰¹1·
1254 2643 1328 2712 dies
1345 2642 1534 2711 continuos
1549 2638 1768 2728 praedicavi,
1801 2639 2024 2708 currentibus
2042 2642 2253 2732 quibusdam

199 2768 255 2825 tra
270 2774 305 2821 se
320 2751 424 2832 dicta,
450 2745 588 2818 etiamsi
602 2745 674 2812 sint
692 2742 829 2834 optimo
845 2751 879 2808 et
893 2738 1066 2808 benevolo
1083 2738 1202 2806 animo
1252 2741 1423 2835 Hispanis
1448 2756 1481 2811 et
1496 2741 1574 2810 aliis
1590 2764 1653 2829 per
1667 2739 1856 2830 templum,
1889 2753 1923 2809 et
1945 2742 2121 2811 declaravi
2139 2740 2178 2838 ¹⁶)
2199 2747 2256 2816 di..

199 2856 305 2927 dicta.
355 2850 496 2939 Longas
519 2859 635 2917 autem
658 2866 778 2936 preces
800 2842 880 2910 illas
900 2855 1039 2910 nostras
1055 2839 1202 2929 priores,
1254 2860 1345 2916 certe
1370 2845 1561 2914 discrimen
1582 2841 1664 2910 fidei
1682 2839 1906 2931 Papistarum
1926 2855 1960 2911 et
1985 2843 2068 2915 fidei
2092 2839 2255 2919 christis.

199 2971 242 3030 ut
265 2955 381 3024 dicere
405 2950 522 3040 coepi,
546 2970 644 3018 nunc
665 2945 805 3037 publice
828 2967 904 3012 non
923 2943 1094 3026 dicimus,
1119 2941 1203 3034 quia
1254 2971 1339 3032 nae,
1366 2947 1495 3041 quibus
1512 2944 1631 3013 verbis
1651 2943 1750 3012 volui
1771 2943 1893 3012 testari
1909 2945 2003 3034 apud
2023 2945 2155 3018 milite,
2170 2946 2256 3020 cae,

199 3056 368 3131 Caesarea
385 3051 554 3122 Maiestas
575 3050 766 3120 clementer
788 3045 893 3117 nobis
918 3044 1050 3115 obtulit
1069 3067 1203 3134 pacem,
1255 3071 1437 3132 cerannos,
1470 3046 1533 3139 qui
1561 3069 1619 3115 me
1648 3045 1860 3128 audiebant,
1894 3047 1938 3113 de
1962 3047 2123 3117 doctrina
2150 3046 2256 3122 huin,

202 3174 237 3232 et
252 3172 411 3228 externas
428 3154 601 3232 nationes,
626 3173 714 3243 quas
730 3150 985 3233 metuebamus,
1008 3141 1204 3236 prohibuit,
1255 3164 1397 3220 nostrae
1418 3146 1613 3232 Ecclesiae,
1648 3169 1737 3239 quos
1765 3159 1799 3215 et
1823 3148 1993 3217 admonui
2015 3150 2179 3239 publice,
2214 3177 2257 3225 ne

202 3284 248 3332 ne
269 3260 540 3348 ingrederentur
555 3254 595 3320 in
612 3265 771 3321 nostram
787 3249 983 3327 civitatem.
1009 3249 1081 3316 imo
1098 3248 1206 3316 etiam
1255 3254 1342 3346 quid
1366 3251 1464 3321 aliud
1487 3253 1531 3346 de
1552 3263 1673 3317 nostra
1694 3247 1856 3318 doctrina
1879 3250 2051 3320 sentirent
2077 3267 2138 3324 auc
2161 3255 2256 3326 dice-

201 3360 384 3435 mandavit
406 3356 528 3440 nobis,
554 3367 594 3425 nt
613 3354 651 3420 vi
665 3347 1023 3422 arceremusanobis
1036 3349 1066 3415 si
1084 3349 1205 3440 quiex
1255 3367 1352 3439 cent,
1378 3375 1484 3446 qnam
1506 3373 1597 3444 quae
1619 3374 1660 3420 ex
1680 3374 1737 3418 me
1756 3350 1932 3421 audirent.
1984 3350 2086 3422 Unus
2110 3353 2256 3428 exCae·

203 3465 272 3547 eit,
308 3484 380 3529 ⁰⁰¹¹
404 3457 502 3528 ffli⁵⁸i
525 3458 570 3527 ab
590 3455 665 3526 eius
687 3451 892 3536 Μὸῑθδῑθῑθ.
922 3450 1138 3521 tentaverint
1159 3450 1203 3519 ad
1256 3455 1411 3526 sareanis
1433 3477 1513 3523 cnm
1532 3452 1743 3542 disputasset
1757 3475 1896 3521 mecum
1914 3465 1947 3521 et
1963 3457 2202 3530 contendisset
2215 3461 2258 3531 de

202 3588 269 3640 nos
285 3561 435 3651 ingredi.
1257 3556 1420 3627 doctrina
1443 3567 1478 3624 ct
1498 3554 1650 3623 maxime
1668 3556 1711 3622 de
1730 3552 1915 3643 coniugio,
1940 3556 2258 3653 mirabaturque

304 3661 448 3731 Gratias
464 3661 598 3749 agimus
612 3653 802 3729 Caesareae
816 3650 1015 3738 Maiestati,
1039 3651 1205 3741 inprimis
1256 3660 1358 3740 darn,
1392 3680 1482 3749 quac
1510 3656 1789 3746 respondebam,
1823 3668 1856 3724 et
1885 3658 2080 3727 modestior
2092 3656 2132 3754 ”)
2155 3677 2258 3757 atquc

201 3791 288 3839 veto
303 3761 397 3847 ΠΕΟ.
430 3763 492 3854 qui
516 3760 668 3830 servavit
690 3752 783 3826 hauc
805 3756 1002 3834 civitatem,
1030 3765 1064 3822 et
1085 3775 1203 3843 Spera·
1256 3760 1364 3842 adeo,
1387 3771 1427 3826 ut
1446 3756 1653 3840 videbatur,
1677 3757 1788 3844 magis
1806 3756 1938 3825 amicus
1953 3758 2064 3828 factus
2082 3776 2153 3847 est,
2180 3784 2258 3836 cum

202 3894 285 3941 mus
299 3863 355 3959 ¹¹),
395 3864 492 3956 quod
517 3874 551 3930 et
573 3885 679 3952 porro
706 3870 908 3927 servaturus
931 3855 977 3925 sit
1000 3867 1036 3924 et
1057 3855 1205 3923 daturus
1256 3861 1435 3930 recederet
1455 3881 1474 3925 a
1497 3881 1553 3927 me
1579 3881 1658 3926 cum
1680 3857 1760 3925 aliis
1779 3857 1997 3931 bontsvffi&
2048 3860 2127 3932 Ηοε
2145 3867 2259 3936 ,olum

204 3966 410 4049 etiamalia,
437 3987 527 4060 quae
541 3958 711 4032 hactenus
725 3957 941 4048 rogavimus,
967 3958 1028 4026 scd
1042 3956 1205 4026 nondum
1256 3985 1314 4030 me
1344 3959 1574 4041 admonebat,
1616 3958 1715 4050 quasi
1748 3958 1857 4027 amice
1888 3962 2095 4045 consulens,
2128 3979 2172 4037 ut
2200 3992 2259 4040 cu.

205 4067 483 4162 impetravimus.
547 4060 835 4155 Oportuitenim
859 4071 894 4128 et
914 4057 1109 4150 principem
1137 4079 1205 4124 no·
1256 4085 1333 4132 rem
1350 4055 1409 4155 ¹⁸),
1439 4083 1510 4153 quo
1528 4060 1641 4128 nostri
1658 4054 1716 4128 bic
1739 4060 1957 4132 abstinerent
1971 4056 2012 4154 ¹⁹)
2037 4064 2077 4132 in
2098 4066 2259 4140 doctrina

206 4189 319 4249 strum
339 4182 374 4239 ct
398 4191 464 4236 nos
488 4165 649 4254 castigari
672 4176 817 4255 paterna
831 4159 943 4249 virga.
991 4155 1085 4228 lacta
1101 4180 1206 4248 super
1257 4161 1559 4235 acontumcliocic
1577 4160 1918 4252 verbicacpicrmts‚
1957 4161 2165 4238 Caesaream
2180 4169 2259 4242 Mp,

205 4272 393 4348 dominum
416 4292 535 4339 curam
557 4279 654 4335 tuam
677 4278 741 4337 etc.
764 4262 892 4332 ‘Dens
915 4260 1021 4329 iudex
1039 4273 1108 4346 est;
1140 4282 1208 4328 nos
1258 4266 1415 4335 {estatem
1438 4263 1529 4331 benc
1552 4285 1674 4342 ncnc,
1708 4287 1798 4354 quae
1814 4257 1861 4358 ²⁰)
1880 4262 1976 4356 pap,
1997 4269 2118 4339 omnia
2134 4248 2257 4345 haba}

206 4374 440 4473 peccavimus.
495 4367 578 4438 Non
599 4368 710 4436 intres
732 4388 811 4434 cum
836 4386 937 4433 servo
962 4374 1025 4433 tuo
1050 4362 1089 4431 in
1109 4361 1206 4432 iudi·
1258 4365 1397 4436 venalia
1419 4377 1482 4437 etc.
1532 4360 1733 4454 Respondi:
1768 4369 1863 4457 qnod
1887 4366 2004 4439 adme
2018 4369 2166 4458 attinet,
2193 4375 2256 4445 iant

207 4482 321 4556 cium,
358 4474 441 4567 quia
474 4495 549 4540 non
581 4467 829 4541 iustificabitur
861 4465 900 4535 in
927 4476 1118 4556 conspectu
1143 4475 1206 4533 tno
1258 4468 1394 4538 dudum
1417 4462 1486 4536 hoc
1504 4465 1605 4535 volui
1628 4477 1664 4536 et
1687 4466 1836 4551 curab0;
1870 4469 1978 4540 modo
2001 4494 2047 4540 ne
2064 4473 2255 4566 rapiantin

208 4600 324 4651 omnis
347 4596 483 4646 vivens·

308 4675 464 4765 Quidam
478 4669 707 4743 concionator
722 4668 760 4738 in
778 4693 857 4740 arce
872 4683 992 4741 nostra
1008 4666 1109 4737 iussit
1125 4689 1207 4736 ora·
1243 4706 1245 4717 ι

206 4807 245 4854 re
267 4803 331 4873 pro
347 4774 511 4857 Caesare,
533 4785 580 4841 ut·
598 4771 820 4843 illuminatus
843 4784 1007 4863 agnoscat
1023 4769 1218 4840 veritatem·
1293 4755 1341 4855 ¹²?
1359 4752 1428 4809 ⁰⁰⁶·
1440 4752 1526 4824 ¹⁴⁸⁰ss-
1539 4751 1781 4854 treatment.
1800 4753 1896 4858 netu.
1915 4755 2081 4863 munau.
2117 4761 2254 4823 siena

1327 4859 1357 4895 tn
1374 4849 1523 4894 comment.
1537 4839 1616 4894 illum
1630 4850 1757 4894 nominat
1770 4840 1919 4896 Mandrum
1930 4842 2122 4906 Mutinam,

214 4926 413 4951 ‘’⁸’‘—
655 4950 665 4963 ·
1294 4923 1340 4991 tt)
1360 4924 1487 4990 verbum]
1508 4922 1569 4978 cod.
1582 4921 1665 4978 Goth.
1680 4923 1737 4978 190.
1749 4941 1847 4977 unum.

240 5018 275 5087 6)
289 5017 379 5081 Deus]
399 5009 462 5066 cod.
479 5005 574 5061 Mebn.
588 5007 732 5060 dommus.
804 5072 809 5085 .
1042 5007 1045 5013 '
1295 5006 1346 5076 tt)
1364 5005 1432 5060 Cod.
1446 5007 1532 5075 Lang.
1547 5008 1634 5064 urbis.

241 5103 272 5166 6)
292 5100 361 5155 Cod.
381 5094 466 5149 Goth.
483 5091 540 5147 190.
552 5094 699 5143 condonet.
1296 5091 1341 5160 15)
1360 5089 1484 5158 errores]
1503 5087 1565 5143 cod.
1584 5087 1667 5143 Goth.
1682 5089 1745 5144 190.
1762 5108 1865 5149 mores.

241 5192 270 5257 7)
286 5204 340 5254 pro
354 5183 495 5244 cendone]
513 5176 574 5231 cod.
590 5175 686 5230 Mebn.
697 5177 782 5243 etprir
794 5178 930 5231 condona.
1296 5174 1342 5243 16)
1362 5174 1404 5227 eis
1415 5172 1491 5226 addit
1501 5171 1563 5227 cod.
1576 5171 1673 5231 Mebn.

241 5277 273 5342 8)
289 5271 409 5337 publico]
429 5266 491 5321 cod.
504 5263 599 5317 Mebn.
612 5265 728 5330 populo.
1298 5257 1342 5326 17)
1357 5257 1525 5320 modestior]
1543 5253 1607 5309 cod.
1623 5253 1717 5311 Metu.
1732 5260 1916 5316 marasim

242 5359 269 5425 9)
286 5373 341 5421 pro
356 5352 483 5404 concione
497 5365 554 5400 non
570 5345 649 5398 habet
663 5344 725 5414 caci,
738 5343 823 5403 Goth.
839 5345 897 5400 190.
1298 5344 1346 5412 18)
1366 5341 1435 5396 cos.
1448 5339 1545 5393 Mebn.
1560 5357 1701 5396 curarem.

244 5445 287 5506 ιο)
308 5435 376 5490 cod.
392 5433 472 5500 tang.
490 5430 565 5482 addit
581 5431 700 5494 asperia.
1302 5428 1345 5493 19)
1365 5422 1725 5479 continuationem.

238 5527 281 5590 tt)
300 5518 361 5574 Cod
385 5513 486 5571 Geta.
502 5511 561 5568 190.
574 5526 735 5579 precamur.
1249 5506 1253 5515 “
1301 5513 1349 5582 20)
1370 5506 1899 5580 eod.1uesu.quoa;toumemuu..

1271 4653 1496 4671 W
