4882 6436
178 3274 183 3279 .
306 3202 542 3283 Clarissima
568 3219 600 3280 et
625 3203 789 3282 Doctiss.
819 3203 947 3290 Viris,
984 3204 1099 3282 Dom.
1125 3205 1156 3279 I
1166 3237 1189 3281 n
1207 3235 1226 3281 s
1243 3221 1296 3283 to

315 329 364 405 85
892 321 1330 402 EPISTOLARUM
1384 321 1495 396 Ltss.
1528 322 1575 400 Χ.
1627 323 1776 401 1546.’
2298 331 2350 404 56

317 502 474 577 materiis
496 499 877 572 confessionisvolunt.
927 496 1069 579 Nostri,
1095 499 1178 591 quia
1203 519 1304 590 saepe
1359 496 1546 588 colloquii,
1572 496 1658 588 quid
1688 496 1774 566 item
1798 520 1905 589 porro
1928 502 2142 593 sperandum
2166 502 2231 588 sit,
2264 506 2351 574 satis

318 610 368 680 eis
390 605 576 688 obiicitur,
601 605 696 694 quod
720 601 766 671 ab
781 599 937 671 Ecclesia
951 600 1161 685 defecerint,
1185 612 1305 691 prote-
1357 597 1561 687 intelligetis
1584 622 1625 667 ex
1646 593 1703 667 lris
1726 599 1964 690 positionibus
1985 597 2045 672 hio
2064 603 2222 677 inclusis.
2272 602 2350 675 Ha-

319 707 506 779 stationem
521 698 775 788 exhibuerunt,
798 703 838 771 in
857 725 926 795 qua
944 702 1149 783 adfirmant,
1176 723 1211 770 se
1228 725 1305 770 arn·
1358 700 1481 769 bemus
1505 722 1644 788 gregem
1667 701 1849 770 variorum
1865 698 2122 773 monachorum
2144 718 2349 778 nostrorum

317 809 424 903 plecti
445 804 675 875 consessionis
691 799 934 897 Augustanus
951 803 1150 874 doctrinam
1172 816 1206 872 et
1228 824 1304 870 non
1357 813 1392 871 et
1405 800 1516 870 fecem
1530 795 1783 883 christianum,
1797 803 1870 872 sed
1893 806 2072 897 experior,
2098 806 2219 877 adesse
2242 809 2350 893 nobis

301 911 516 983 -abiecturos
534 928 624 992 esse,
650 919 684 975 et
703 901 795 974 hanc
812 905 989 975 affirmant
1005 926 1079 974 esse
1093 926 1304 974 consensum
1356 897 1558 987 Christum,
1584 903 1647 994 qui
1668 925 1776 993 porro
1790 905 1892 976 dabit
1908 931 1948 975 os
1963 922 1997 978 et
2011 907 2230 999 sapientiam.
2282 908 2350 979 Ni-

319 1007 512 1085 catholicae
526 1003 702 1075 Ecclesiae
718 1006 794 1086 dei,
821 1017 856 1074 et
876 1007 1017 1090 dicunt,
1043 1029 1079 1074 se
1094 1005 1186 1074 velle
1209 998 1303 1073 hauc
1357 997 1410 1071 hil
1426 1004 1513 1076 certi
1528 1004 1691 1074 audimus
1708 1003 1988 1096 delmperatoris
2005 1011 2161 1080 adventu
2176 1023 2212 1080 et
2225 1013 2269 1080 de
2285 1036 2348 1082 co·

317 1108 572 1185 confessionem
598 1132 664 1200 pro
692 1107 840 1200 repetito
867 1102 1008 1181 habere.
1065 1105 1190 1177 Postea
1214 1108 1303 1175 ordo
1356 1103 1480 1174 mitiis.
1530 1098 1801 1205 InlinsPstng,
1828 1132 2033 1203 quanquam
2057 1105 2116 1180 hic
2137 1112 2202 1196 sit,
2226 1125 2347 1183 tamen

318 1215 368 1286 sic
382 1211 566 1284 institutus
584 1221 649 1279 est:
1151 1259 1156 1268 ,
1355 1204 1508 1275 abstinet
1523 1208 1568 1276 ab
1583 1208 1779 1301 colloquio,
1803 1211 1907 1281 credo
1922 1225 2066 1303 propter
2080 1212 2269 1283 articulum
2290 1215 2347 1285 iu-

416 1303 645 1385 Maloendae
671 1321 872 1401 opponatur
902 1303 941 1378 B
950 1330 1130 1388 necrus,
1354 1305 1576 1378 stificationis
1590 1308 1630 1378 in
1646 1311 1760 1401 priori
1775 1310 1952 1406 colloquio
1977 1314 2215 1391 conciliatum.
2263 1316 2347 1387 Non

417 1404 611 1484 Monacho
623 1397 841 1478 Coloniensi
888 1408 932 1481 D.
948 1403 1195 1504 Georgius,
1355 1421 1454 1478 vacat
1469 1409 1539 1478 iam
1558 1411 1674 1501 plura.
1726 1408 1847 1500 Quare
1863 1414 2044 1502 valebitis,
2070 1416 2346 1488 viriobservau-

416 1499 882 1584 MonachoColmarienst
930 1506 1245 1607 Schneppr'us,
1356 1509 1405 1583 di.
1462 1507 1578 1602 Cupio
1609 1512 1755 1582 salutari
1782 1537 1860 1584 meo
1890 1516 2036 1586 nornine
2065 1514 2110 1590 D.
2130 1517 2346 1610 Magistrum

416 1606 575 1688 Coctleo
622 1607 664 1682 B
672 1610 868 1684 tentius.
1354 1603 1609 1693 Benediclnm,
1634 1611 1682 1683 Ι).
1707 1610 1760 1685 Μ.
1784 1608 2001 1686 Matidiam
2022 1631 2056 1687 et
2077 1641 2182 1708 rogo,
2213 1632 2255 1689 ut
2279 1644 2345 1691 nos

560 1761 569 1780 ,
751 1761 759 1778 .
899 1761 907 1777 .
1057 1763 1064 1778 .
1203 1770 1206 1774 «
1354 1712 1479 1782 vestris
1500 1713 1722 1784 orationibus
1747 1714 1887 1793 iuvetis.
1944 1716 2163 1802 Ratisbona,
2192 1720 2251 1797 10.
2274 1720 2344 1793 re-

312 1763 510 1857 Episcopus
523 1756 778 1833 Erchstetensrs
792 1773 926 1851 excepit
940 1765 1090 1852 prandio
1108 1762 1301 1831 collocuto-
1353 1813 1490 1884 bmarii
1505 1813 1615 1890 1546·

312 1891 389 1953 res,
407 1881 442 1937 et
461 1878 581 1956 postea
602 1865 745 1950 longam
767 1861 1041 1952 disputationem
1065 1888 1144 1933 cum
1164 1863 1214 1932 eis
1234 1857 1300 1930 ha·

311 1968 409 2053 huit,
435 1989 524 2058 quae
537 1963 729 2056 perscripta
746 1977 798 2032 est
813 1963 851 2030 in
865 1963 1027 2053 pagellis,
1053 1977 1240 2057 quaesunt
1261 1963 1299 2031 in

311 2067 499 2140 fasciculis.
548 2062 627 2135 Hoc
650 2087 790 2158 quoque
813 2064 1065 2150 constitutum,
1090 2087 1135 2132 ne
1156 2088 1299 2156 aptan-

310 2170 372 2240 dio
388 2167 620 2240 collocutores
634 2166 834 2256 disputent,
856 2164 919 2234 sed
934 2176 1072 2239 tantum
1092 2179 1174 2236 aute
1189 2191 1299 2259 pran-

308 2271 410 2345 dium
424 2260 474 2366 *).

1959 1917 2003 1992 V.
2020 1920 2152 2015 Georg.
2165 1922 2294 2000 Maior.

1554 2094 1612 2169 Ab
1639 2095 1866 2174 adversariis
1888 2105 2160 2205 proposita¹).-

1354 2230 1394 2324 1)
1419 2228 1546 2302 Fidem
1563 2257 1637 2304 esse
1653 2235 1798 2307 initium
1814 2237 2090 2328 iustificationis,

1350 2334 1392 2427 2)
1419 2356 1558 2403 causam
1574 2358 1647 2406 esse
1666 2338 1771 2406 fidem
1791 2340 1996 2430 formalem,

306 2484 1297 2518 --------·-----··-——--—-—-
1352 2432 1394 2530 8)
1420 2428 1603 2507 Christum
1622 2440 1892 2531 propitiatorem
1909 2466 1999 2530 esse,

1351 2535 1394 2635 4)
1420 2560 1526 2627 opera
1540 2542 1783 2629 praecedentia
1799 2566 2006 2635 praeparare
2023 2548 2177 2639 quodam
2193 2551 2301 2619 modo

334 2630 403 2705 No.
418 2626 532 2705 8877.
1139 2641 1194 2704 10.
1212 2631 1298 2697 Febr.
1401 2638 1426 2706 2
1442 2636 1531 2728 Reg.
1554 2638 1636 2709 Non
1650 2642 1771 2714 vidisti
1786 2640 1902 2713 Assah
1915 2641 2141 2719 humiliatum
2160 2675 2280 2721 corum
2291 2649 2341 2746 (2³)

313 2728 526 2769 Μ
1120 2722 1292 2792 *⁸2⁴
1401 2735 1508 2819 Item,
1525 2734 1605 2815 Act.
1622 2740 1755 2813 dicitur
1771 2743 1912 2816 Simoni
1925 2760 1966 2817 ut
1980 2750 2234 2839 poeniteutiam
2252 2766 2341 2842 agat.

583 2823 729 2908 Maior
757 2821 820 2906 ad
843 2822 1013 2908 Ionam,
1350 2834 1394 2937 5)
1419 2836 1541 2931 Opera
1557 2835 1715 2913 bominis
1729 2845 1815 2917 iusti
1829 2862 1960 2939 augent
1979 2851 2149 2923 iustitiam
2164 2852 2282 2946 eisque
2300 2855 2338 2923 in

1453 2936 1599 3014 homine
1614 2945 1801 3019 iustificato
1823 2950 1987 3021 redditur
2002 2947 2136 3025 Christi
2158 2955 2339 3042 beneficio,

1452 3066 1585 3114 merces
1599 3060 1753 3122 aeterna.
1803 3048 1938 3122 Probat

1399 3137 1496 3234 Apo:
1513 3145 1577 3216 ult.
1594 3147 1657 3239 qui
1673 3148 1786 3221 iustus
1801 3165 1871 3237 est,
1897 3153 2104 3226 iustificetur
2118 3150 2236 3225 adhuc

1399 3241 1547 3315 Paulus:
1573 3249 1708 3319 bonum
1724 3262 1900 3323 certamen
1917 3271 2011 3325 certa
2027 3270 2091 3330 etc.

1397 3340 1546 3420 Manb:
1582 3347 1623 3419 Si
1644 3351 1700 3419 vis
1725 3354 1901 3443 perfectus
1924 3378 2017 3438 esse,
2050 3362 2139 3428 vade
2163 3372 2199 3429 et
2222 3363 2336 3430 vende

1447 3449 1569 3519 omnia
1585 3465 1649 3524 etc.

1395 3545 1544 3620 Paulus:
1570 3554 1667 3645 quod
1682 3578 1805 3626 omnes
1819 3580 1886 3627 nos
1904 3560 2122 3631 manifestari
2140 3575 2202 3634 etc.

302 3625 347 3717 S.
397 3644 477 3717 Nisi
495 3648 642 3733 scirem,
665 3670 755 3740 quae
774 3643 930 3716 Domino
952 3640 1149 3745 Philippo,
1174 3652 1290 3726 cariss.
1393 3647 1490 3722 Gen.
1507 3653 1585 3722 22:
1611 3651 1680 3723 Per
1702 3672 1831 3729 memet
1850 3659 1968 3752 ipsum
1988 3663 2117 3738 iuvari.
2169 3662 2261 3733 Vide
2280 3660 2336 3733 la-

302 3747 519 3841 praecepteri
534 3772 633 3834 meo,
657 3748 863 3817 scribuntur
876 3748 921 3817 de
936 3748 1115 3842 colloquio
1131 3746 1199 3822 hoc
1222 3755 1291 3821 mi·
1446 3753 1574 3823 cobum
1590 3753 1629 3824 in
1646 3755 1805 3849 epistola.

302 3875 380 3922 sero
404 3865 438 3922 et
459 3850 539 3921 aliis
561 3850 667 3920 rebus
690 3872 729 3918 ea
750 3871 893 3941 quoque
908 3851 1162 3922 communicari
1178 3854 1289 3942 vobis,
1389 3849 1480 3924 Pes:
1506 3856 1632 3928 fratres
1654 3859 1798 3949 satagite
1822 3872 1864 3931 ut
1886 3886 1950 3954 per
1971 3866 2065 3936 bona
2080 3889 2187 3958 opera
2202 3881 2332 3937 certam

302 3967 336 4024 et
353 3952 442 4022 aliae
462 3952 594 4023 multae
618 3973 673 4020 res
694 3974 750 4019 me
774 3949 1004 4040 impedirent,
1030 3947 1098 4022 boc
1118 3969 1288 4047 ternpore,
1445 3959 1665 4028 vocationem
1680 3959 1828 4036 faciatis.

300 4055 490 4125 scriberem
518 4055 562 4122 de
590 4051 740 4142 singulis
770 4052 875 4122 rebus
901 4052 1107 4145 accuratius.
1168 4055 1288 4147 Quare
1390 4053 1537 4128 Paulus:
1564 4058 1687 4134 Benef.
1702 4074 1766 4132 etc.
1788 4060 1909 4134 Nolite
1924 4066 2087 4136 oblivisci
2104 4082 2169 4140 etc.

298 4179 404 4247 rogo,
431 4168 471 4226 ut
485 4177 541 4224 me
555 4167 757 4224 exornatum
769 4147 939 4223 habeatis.
990 4150 1101 4226 Volui
1121 4159 1216 4228 enim
1231 4163 1288 4230 vel
1341 4152 1389 4225 lli
1417 4158 1486 4227 loci
1507 4163 1681 4251 probant,
1714 4187 1823 4254 opera,
1850 4188 1976 4256 augere
2003 4168 2172 4239 iustitiam
2196 4185 2230 4242 et
2257 4196 2332 4244 esse

298 4250 363 4329 ha,
377 4257 502 4328 breves
519 4255 692 4340 scrihere,
715 4278 760 4324 ne
781 4254 868 4348 quid
890 4255 928 4323 in
953 4257 1063 4327 veteri
1080 4260 1193 4330 amico
1209 4261 1286 4331 offi.
1341 4259 1521 4330 meritoria
1536 4263 1628 4333 vitae
1644 4276 1825 4346 aeternae,
1852 4290 1927 4345 uon
1943 4271 2038 4363 quod
2057 4271 2130 4341 sint
2153 4296 2260 4365 opera
2281 4277 2331 4348 ita

297 4361 344 4430 cii
359 4357 621 4438 desideraretis,
647 4370 682 4428 et
694 4379 784 4449 quae
805 4378 868 4446 ego
890 4357 994 4426 omisi
1009 4362 1224 4449 cognoscetis
1245 4388 1286 4434 ex
1340 4358 1466 4448 digna,
1486 4363 1547 4432 sed
1562 4365 1658 4458 quod
1673 4387 1713 4436 ea
1727 4366 1835 4457 digna
1858 4368 1962 4441 faciat
1975 4373 2087 4462 gratia
2101 4370 2171 4442 Dei
2192 4399 2257 4467 per
2274 4375 2329 4449 le-

296 4459 462 4549 Magistri
476 4452 591 4530 Galli
603 4458 733 4544 literis,
758 4456 815 4527 cui
831 4458 911 4548 plus
926 4471 977 4528 est
994 4460 1075 4530 ocii.
1337 4485 1417 4533 sum
1436 4458 1630 4540 Christum.

375 2990 396 3055 l
417 2985 455 3040 Ex
478 2983 647 3057 autographo
666 2981 717 3039 Ge.
739 2980 857 3039 Maioris
881 2982 911 3038 in
929 2983 1042 3039 Volum.
1060 2981 1145 3056 Epist.
1162 2985 1296 3060 Meioing.

406 3073 450 3126 ep.
468 3053 514 3109 79.

306 3309 504 3392 Ionae,
538 3305 786 3403 Theologtae,
815 3318 847 3378 et
872 3304 1040 3378 Domino
1066 3299 1295 3383 Chiliauo

306 3408 587 3498 Goldster‘n,
612 3411 800 3507 utriusque
815 3406 1186 3501 inris,Doctoribus,
1208 3411 1294 3485 Do·

550 3510 664 3582 minis
689 3510 769 3581 suis
796 3506 1053 3598 observandis,

398 4590 473 4680 Qui
498 4591 570 4661 sint
595 4615 636 4660 ex
662 4592 807 4660 adversa
835 4602 935 4682 parte
956 4590 1189 4664 collocutores
1212 4596 1283 4665 iam
1446 4673 1454 4692 ·
1477 4674 1485 4693 ·
1895 4684 1902 4702 .
2131 4686 2139 4706 '
2206 4689 2213 4708 ο

294 4693 434 4786 pridem
446 4714 509 4762 vos
524 4691 728 4782 cognovisse
741 4703 850 4782 puto,
873 4684 1088 4762 Malvenda
1107 4692 1192 4766 vero
1215 4695 1284 4767 111.
1360 4670 1568 4748 Posrtrones
1594 4676 1772 4751 adversae
1794 4691 1919 4780 parles
1946 4680 1989 4755 de
2016 4683 2095 4756 loco
2121 4686 2302 4783 znstrfica·

294 4817 441 4887 spanus,
466 4789 705 4864 Caesareanus
723 4787 927 4882 Theologus
951 4788 1020 4864 buc
1043 4796 1190 4881 missus,
1215 4793 1282 4868 bo·
1732 4782 1847 4854 lionis
1863 4780 1913 4880 ²)-

293 4921 353 4966 mo
374 4894 627 4967 audacissimus
653 4907 689 4964 et
713 4916 780 4985 pro
803 4917 902 4963 more
924 4896 1037 4984 gentis
1069 4898 1281 4989 superbissi-
1338 4904 1376 5001 l)
1404 4908 1447 4982 ln
1479 4913 1721 5005 peecatoribus
1752 4917 2002 4990 iustificatione
2026 4923 2159 4993 remitti
2186 4941 2326 5015 peccata

291 5021 390 5082 mus,
415 4997 537 5070 turbat
556 4995 678 5067 omnia
699 5010 733 5067 et
755 4994 840 5085 ipsis
855 4995 1075 5086 praesidibus
1090 5001 1192 5093 quasi
1210 5001 1280 5069 mi·
1366 5010 1646 5105 pereffluam
1658 5017 1912 5108 mediatorem,
1938 5036 1973 5092 ep
1997 5024 2147 5113 gratiam
2170 5026 2326 5116 infundi,

290 5111 407 5169 natur.
458 5095 559 5190 Quae
573 5099 731 5193 ipsorum
754 5096 800 5168 sit
814 5096 993 5185 doctrina,
1019 5111 1054 5170 et
1068 5124 1158 5195 quae
1177 5100 1279 5173 initia

1333 5181 1540 5198 Ἤ
1579 5190 1584 5199 ι

1266 5304 1276 5314 -
1366 5269 1392 5339 1)
1400 5265 1518 5350 ‘Scripta
1534 5282 1614 5341 sunt,
1632 5288 1701 5343 quae
1717 5273 1775 5357 iam
1792 5284 1945 5358 sequentur
1960 5274 2014 5334 alia
2032 5296 2134 5352 mann,
2158 5296 2240 5350 qoem
2257 5281 2323 5338 bla-

1398 5337 1484 5405 cerio,
1502 5337 1576 5397 lecta
1594 5358 1728 5414 perquam
1747 5341 1864 5402 ddfiotr.

316 5416 347 5490 Φ)
367 5417 514 5474 Historiam
532 5417 667 5491 colloquii
684 5417 788 5476 Rstirb.
810 5415 952 5476 succincte
969 5417 1088 5475 narrarit
1104 5417 1225 5477 Sleiden.
1243 5418 1274 5477 ia
1362 5421 1463 5491 illias
1474 5423 1681 5510 propositiones
1696 5425 1779 5487 babet
1800 5429 1883 5489 etiam
1903 5432 1933 5490 in
1951 5433 2018 5493 Md.
2037 5448 2102 5505 opp.
2129 5434 2258 5491 uterium
2275 5456 2321 5492 ee·

347 5486 506 5544 (iommut.
523 5506 550 5561 p.
567 5487 618 5546 481
635 5506 696 5562 sqq.
749 5526 754 5532 ·
1396 5500 1511 5566 paralum
1528 5501 1593 5550 sum
1609 5495 1705 5553 eduae.
