4882 6426
79 299 160 376 ιιι
272 250 278 260 ’
570 236 583 255 ’
664 284 1096 375 rrrsrooanun
1147 282 1332 360 man
1384 278 1514 360 tssr.
2059 288 2136 384 ⁶74

81 466 291 540 Hortaberis
306 479 425 539 autem
440 465 645 560 Principem
660 459 862 559 Georgium
870 456 923 562 ⁸),
939 476 980 535 ut
991 461 1079 533 scri-
1131 469 1172 528 ut
1190 452 1383 548 Euripides
1407 457 1537 552 inquit.
1587 455 1664 553 Ego
1682 464 1886 559 necflgratis
1907 494 1976 542 nec
1995 449 2132 549 mpori.

79 570 141 640 bat
164 571 208 640 ad
222 567 428 640 Electorem
445 567 679 653 Saxonicum,
704 590 749 636 ne
767 567 859 637 sinat
875 561 969 636 hanc
984 561 1078 635 Aca-
1130 572 1201 630 tate
1217 560 1313 650 apud
1328 552 1575 630 Groneellam
1591 565 1703 657 raico.
1753 565 1839 639 Plus
1851 571 1984 644 valebit
1999 554 2131 668 episto·

80 670 233 741 demiam
248 671 390 740 collabi.
443 668 591 741 Prodest
607 666 775 739 Ecclesiis
790 682 825 739 et
840 668 978 750 studiis,
1003 686 1079 735 ser·
1129 661 1324 731 lanomine
1347 656 1388 731 C.
1413 659 1457 730 V.
1480 665 1523 733 ad
1549 687 1630 733 eum
1665 665 1805 760 scripta.
1865 669 1991 743 Talem
2022 677 2131 768 igitur
2170 686 2173 691 ’

79 773 157 841 vari
171 768 265 841 hauc
280 771 462 842 doctrinae
477 772 607 844 sedem.
637 768 839 854 Benenate,
865 781 900 838 et
914 767 1077 839 rescribe.

79 868 116 948 5.
131 872 360 962 Septembris.

182 972 271 1043 Tuis
285 973 368 1045 liliis
384 972 471 1042 utile
485 993 575 1063 opus
590 967 807 1042 Dialecticen
822 970 964 1042 recudo.

533 1091 536 1097 ’
827 1067 1026 1163 Philippus.

926 1450 959 1517 6.
972 1445 1077 1530 Septb.

903 1537 1074 1571 Μ

413 1608 551 1695 Alex.
581 1606 749 1698 Alecto.

148 1772 228 1829 Edita
249 1772 470 1829 elelensteedt.
486 1775 512 1832 1.
537 1791 582 1846 ep.
599 1773 625 1828 6.
661 1773 765 1897 Apop.
781 1773 810 1828 iu
830 1772 894 1830 cod.
914 1772 1031 1844 Guelpb.
1049 1772 1078 1826 iu

182 1844 242 1983 ³²⁰4
249 1843 300 1967 ἑο.
313 1843 371 1903 15..
389 1842 451 1899 cod.
465 1842 579 1937 Moneo.
594 1841 631 1896 ll.
650 1861 677 1914 p.
691 1842 724 1896 17
748 1844 775 1898 b.
794 1851 820 1897 et
834 1843 897 1899 cod.
910 1842 1019 1899 Monac.
1034 1840 1078 1896 89.

83 2065 182 2143 Viro
203 2064 338 2162 optimo
364 2061 418 2137 D.
445 2058 727 2159 Alexandro
754 2058 936 2149 Alesio,
961 2059 1080 2148 Scoto,

105 2165 268 2237 Decenti
291 2161 542 2260 Evangelirsm
555 2162 607 2280 ,in
630 2158 830 2233 Academia
852 2159 1056 2262 Lipsiensi,

480 2289 599 2334 omeco
613 2289 681 2335 suo

79 2400 126 2494 S.
152 2414 197 2488 D.
247 2411 436 2485 Carissime
453 2407 561 2485 Alesi.
598 2406 676 2483 Etsi
693 2412 854 2481 nondum
869 2435 1013 2503 prorsus
1030 2423 1081 2480 est

81 2517 320 2612 tranquillitas
343 2516 382 2584 in
405 2512 617 2597 Germania,
650 2528 770 2585 tamen
791 2515 935 2581 eumad
956 2510 1080 2582 albim

81 2634 196 2693 essent
211 2624 341 2701 castre,
367 2616 521 2708 colloqui
539 2638 602 2706 per
617 2615 781 2705 epistolas
796 2615 839 2681 de
854 2628 973 2684 nostra
988 2615 1080 2681 ami-

81 2725 164 2793 citia
180 2733 214 2790 et
224 2717 251 2814 ¹)
269 2717 453 2788 sententiis
466 2715 676 2786 solebamus.
717 2713 821 2785 Nunc
837 2740 947 2807 quum
962 2715 1081 2782 minus

82 2821 142 2895 hic
156 2823 202 2893 sit
214 2821 452 2904 tumultuum,
486 2817 666 2886 silentium
683 2828 784 2897 tuum
801 2816 924 2888 miror.
974 2813 1082 2885 Meus

83 2939 174 2999 certe
189 2923 327 2993 animus
343 2921 437 2989 idern
452 2932 520 3004 est,
546 2918 609 3010 qui
625 2919 693 2988 fuit
709 2931 829 3002 antea,
854 2942 928 2986 non
948 2916 1100 3010 doctri-k

67 3049 184 3111 nam,
206 3049 279 3093 non
293 3021 486 3093 amicitiam
500 3018 654 3103 mutavi,
676 3043 741 3087 nec
757 3019 911 3090 mutabo.
939 3017 1080 3104 Quaeso

83 3130 209 3220 igitur,
234 3140 275 3197 ut
295 3119 386 3194 mihi
399 3123 542 3193 scribas.
593 3117 701 3190 Mino
719 3120 786 3187 tibi
801 3119 928 3187 miram
945 3122 990 3186 de
1006 3111 1081 3186 Po-

65 3229 120 3325 ,lo
135 3226 165 3326 ²)
186 3225 392 3309 historiam,
431 3225 514 3317 qui,
545 3236 587 3294 ut
608 3217 809 3305 Iulianus,
840 3220 985 3291 abiectis
1007 3233 1083 3290 stu-

81 3332 169 3416 diis,
195 3332 238 3401 ad
258 3350 405 3419 regnum
422 3327 588 3417 adspirat.
641 3321 781 3411 Quaeso
797 3313 961 3393 rescribe.
1003 3319 1080 3409 Ego

81 3431 288 3505 dialecticen
312 3428 465 3514 recudo,
504 3449 615 3518 quum
646 3423 713 3493 tibi
739 3424 948 3514 placituram
968 3445 1082 3513 spero.

81 3534 127 3608 Β.
143 3533 184 3606 ν.
201 3533 235 3601 a.
250 3531 287 3600 a.
305 3530 446 3618 septbr.
464 3522 575 3598 1547.

889 3616 956 3695 Ph.
978 3619 1033 3695 M.

1129 763 1328 854 composui,
1359 764 1404 831 de
1424 786 1493 856 qua
1517 778 1637 835 tamen
1659 791 1726 858 pro
1749 770 1897 841 arbitrio
1919 789 2034 848 vestro
2057 795 2129 851 sta-

1130 863 1246 934 tuetis.
1306 861 1365 932 Ad
1387 887 1505 934 meum
1537 879 1807 938 conterraneum
1829 862 2128 966 Obernburgium

1128 963 1273 1057 scripsi,
1299 976 1468 1036 ettamen
1484 967 1556 1037 scio
1572 991 1653 1038 eum
1668 993 1762 1040 meas
1780 972 1900 1043 literas
1916 979 1993 1048 aliis
2008 996 2128 1053 osten-

1128 1068 1222 1138 dere.
1274 1063 1419 1138 Utinam
1434 1092 1516 1137 vere
1530 1064 1598 1139 hoc
1612 1069 1766 1141 facerent
1783 1072 1837 1141 illi
1853 1079 1981 1146 summi
1998 1084 2128 1170 guber.

1127 1181 1288 1247 natores,
1324 1182 1364 1238 ut
1378 1169 1592 1240 calamitates
1616 1171 1737 1259 generi
1756 1166 1914 1244 humano
1928 1200 1990 1248 sua
2004 1186 2127 1254 mode-

1127 1269 1264 1339 ratione
1282 1268 1454 1354 lenirent,
1487 1273 1584 1364 qnod
1601 1295 1680 1340 curn
1696 1273 1754 1357 lit,
1778 1274 1941 1347 divinum
1959 1295 2020 1351 est.
2070 1283 2126 1356 De

1127 1365 1339 1440 Academiae
1368 1386 1511 1440 nostrae
1545 1372 1801 1444 instauratione
1832 1379 1906 1469 spei
1940 1369 2034 1453 nihil
2064 1400 2126 1472 est,
2191 1403 2194 1407 '

1128 1471 1198 1540 nisi
1220 1494 1283 1540 sna
1297 1471 1514 1557 ,liberalitate
1537 1471 1618 1543 Dur
1641 1470 1785 1545 Elector
1811 1479 1981 1551 attribuet
2013 1507 2125 1556 novos

1128 1572 1273 1645 reditus.
1324 1570 1472 1646 Prodest
1486 1571 1651 1644 Ecclesiis
1672 1589 1705 1645 et
1718 1577 1863 1664 studiis,
1888 1584 2019 1651 servari
2033 1580 2126 1658 hanc

1128 1673 1312 1744 doctrinae
1332 1676 1462 1750 sedem.
1505 1672 1548 1745 ld
1572 1689 1727 1766 optarem
1741 1674 1783 1753 C.
1798 1677 1842 1751 V.
1866 1682 1910 1750 ad
1926 1679 2126 1757 Electorem

1130 1775 1294 1850 scribere.
1334 1773 1451 1844 Velim
1470 1776 1575 1846 etiarn
1592 1778 1636 1845 de
1652 1772 1681 1846 Ι
1679 1800 1750 1846 ona
1768 1801 1848 1847 eum
1864 1783 1976 1869 orari,
2001 1799 2041 1856 ut
2056 1788 2127 1858 cle-

1130 1891 1268 1947 menter
1281 1879 1501 1967 respondeat,
1525 1901 1560 1947 se
1574 1877 1752 1948 remittere
1761 1880 2003 1952 offensionem.
2029 1884 2127 1959 Bene

1131 1978 1244 2048 valeat
1264 1975 1447 2048 Celsitudo
1468 1977 1612 2063 Vestra,
1643 1978 1678 2052 5.
1693 1978 1872 2073 Septemb.
1926 1981 2006 2055 Edo
2030 2012 2126 2061 nnuc

1130 2075 1366 2164 Dialecticen,
1407 2104 1512 2171 quam
1534 2080 1637 2149 valde
1659 2082 1881 2172 profuturam
1914 2064 2128 2161 diseenrinds
2252 2074 2255 2078 ⁴

1131 2202 1245 2271 spero.
1343 2235 1345 2239 .

1130 2558 1198 2632 No.
1215 2559 1329 2635 4011.

1142 2654 1314 2688 “³

1857 2533 1861 2541 ·
1966 2584 2000 2644 6.
2022 2577 2126 2662 Septb.
2184 2618 2190 2641 .

1950 2666 2121 2701 “a

2125 2716 2129 2723 s

1451 2741 1551 2853 Cpit.
1580 2741 1816 2830 Pannonio.

1200 2899 1564 2974 mmmunmm

1217 3076 1220 3083 '
1310 3048 1962 3156 Christoplrorol’annonio.·

1132 3187 1177 3278 S.
1198 3203 1242 3275 D.
1292 3201 1508 3277 Charissime
1527 3201 1794 3301 Christophore.
1844 3207 1972 3281 Malim
1996 3215 2039 3283 de
2063 3222 2131 3287 no-'

1132 3307 1213 3379 stris
1239 3308 1366 3396 studiis
1397 3310 1442 3377 ad
1466 3321 1502 3378 te
1534 3307 1703 3388 scribere,
1745 3334 1851 3403 quam
1876 3313 1919 3380 de
1940 3310 2130 3390 Conventu'

1133 3405 1372 3502 Augustano,
1405 3410 1463 3478 sed
1486 3410 1655 3501 quoniam
1673 3409 1779 3501 petis,
1812 3425 1852 3480 ut
1870 3413 1913 3480 de
1938 3434 1978 3483 eo
1993 3414 2135 3511 aliquid
2175 3410 2178 3414 i
2241 3504 2250 3511 ¹

1133 3510 1342 3600 significem,
1369 3513 1475 3592 scito,
1500 3509 1607 3577 linem
1632 3532 1705 3578 esse
1729 3512 2022 3584 deliberationum
2046 3518 2131 3615 napi

1134 3603 1300 3682 συνόδου
1321 3611 1385 3701 τῆς
1402 3608 1442 3680 ἐν
1463 3603 1621 3700 ιριαίνη.
1673 3608 1762 3678 Nam
1778 3609 1961 3704 Principes
1979 3630 2014 3686 et
2030 3623 2130 3689 ordi-

1135 3736 1197 3781 nes
1217 3709 1459 3780 assentiuntur
1479 3732 1602 3778 omnes
1623 3714 1678 3802 τῷ
1699 3707 1965 3808 αὐτοκράτορι,
1996 3720 2129 3794 dicenti

1013 3836 1015 3840 ⁴
1133 3814 1226 3884 illud
1249 3810 1499 3895 Homericum,
1530 3805 1611 3903 ἐμοὶ
1635 3805 1676 3882 di
1697 3807 1901 3885 scoi'cmica
1921 3815 2127 3910 μελήσεται,

73 4016 76 4020 -
95 3964 161 4036 No.
179 3960 292 4034 4010.

798 3960 801 3964 ¹
926 3961 959 4027 5.
976 3956 1081 4042 Septb.

93 4063 305 4095 Μ
912 4049 1083 4078 ww

347 4122 533 4236 Georgia
562 4118 822 4205 Andaltino.

154 4288 347 4364 optaturi.
365 4286 467 4359 ..aaa
488 4252 562 4355 (eati
575 4282 661 4340 rana.
674 4280 722 4338 ιιι.
736 4281 772 4338 ιι.
792 4300 836 4354 sp.
850 4256 929 4349 issa.

237 4447 292 4525 D.
319 4441 525 4537 Georgia
547 4433 715 4538 Principi
728 4438 767 4509 in
782 4432 929 4508 Ankale

84 4592 182 4684 S.D.
211 4600 449 4675 illustrissime
457 4596 638 4686 Princeps,
660 4585 750 4665 Non
767 4573 967 4661 idem‘aalet
981 4581 1083 4660 Oro-

85 4712 139 4782 tio
161 4703 259 4778 dicta
275 4730 298 4773 a
313 4696 487 4796 Principe
506 4696 601 4776 viro,
636 4702 668 4764 et
691 4691 740 4764 ab
763 4687 910 4764 homine
934 4691 1083 4781 obiecto,

87 4861 291 4880 »mom-⁴¹¹
309 4846 314 4855 .

119 4948 158 5020 ¹²)
174 4943 369 5009 Anbeltinum,
395 4936 522 5010 Episcop.
536 4935 803 5015 merseburgensem.
837 4927 931 4985 Maior
949 4928 997 4985 illo
1011 4906 1084 4984 terir-

157 5032 225 5088 pore
241 5008 464 5068 eonsmorabatur
476 5004 657 5074 Merseburgr.
943 5012 953 5022 ·

124 5107 140 5157 1
175 5097 303 5154 delira.
561 5126 565 5135 ·
855 5118 861 5129 ¹

119 5105 157 5250 ιζ
173 5182 374 5254 „Regmatdue
397 5175 494 5234 Polus,
519 5178 682 5242 purpuratus
701 5166 745 5247 bic
763 5165 901 5249 innuitur,
922 5165 988 5240 qni,
1014 5177 1086 5239 quo·

160 5255 233 5311 niam
244 5248 328 5317 Stirpi
348 5244 436 5314 regiae
453 5239 616 5293 libor-acensi
635 5245 798 5305 cognatione
810 5251 921 5289 rnueeus
935 5246 1004 5300 erat,
1025 5256 1086 5290 uu·

159 5322 227 5393 ptias
242 5318 368 5377 Mariae,
386 5310 500 5379 Angliae
515 5306 651 5376 Reginae,
669 5303 810 5377 ambiisse,
829 5311 872 5367 et,
890 5302 954 5358 sies
970 5322 1027 5358 nou
1040 5324 1087 5360 re-

160 5397 296 5448 mma,
321 5385 350 5436 in
372 5399 446 5452 spem
470 5374 548 5444 regni
570 5374 676 5428 venisse
696 5370 871 5425 dicebatur.”
907 5372 1088 5445 (Bedente).

161 5457 225 5510 Vid.
240 5456 321 5507 etiem
337 5452 381 5522 ep.
397 5451 429 5502 ad
443 5442 600 5499 Fabricium
617 5438 681 5496 (1.1.
696 5438 789 5511 septb.
802 5438 829 5494 lr.
843 5457 867 5493 a.

94 5539 277 5640 lllensnrrs.
294 5530 398 5596 Oren.
427 5527 509 5590 voc.
525 5519 585 5587 Vl.

1133 3913 1236 4011 ὄφρα
1257 3905 1415 3985 catrico.
1467 3910 1569 3982 Misit
1588 3912 1697 4000 igitur
1721 3907 1970 4012 αὐτοκράτωρ
1985 3923 2029 3988 a'd
2049 3919 2129 3993 Ro·
2254 4004 2260 4014 Ι

1134 4036 1280 4085 manum
1302 4013 1509 4084 Pontificem
1531 4013 1723 4102 Legatum,
1760 4011 2005 4104 Cardinalem,
2038 4018 2129 4115 Epi.

1133 4140 1278 4210 scopum
1293 4109 1604 4207 Augustanum*),
1629 4117 1766 4201 nescio,
1790 4109 1894 4208 quarn
1914 4110 2129 4204 sententiam

1019 4272 1021 4276 -
1135 4219 1373 4310 expositurum
1397 4215 1580 4296 Pontifici,
1613 4217 1770 4286 fortassis
1790 4232 1832 4288 ut
1852 4221 2040 4292 audiantur
2060 4230 2132 4296 no·'

1133 4321 1210 4393 stri.
1269 4319 1340 4390 Sed
1363 4313 1448 4385 haec
1471 4318 1545 4406 ipsa
1565 4316 1712 4387 consilia
1746 4318 1851 4387 bellis
1872 4317 2064 4394 Helveticis
2093 4342 2129 4399 et

1133 4420 1318 4491 saxonicis
1348 4419 1604 4508 impedientur,
1633 4409 1690 4488 'ut
1723 4418 1828 4488 multi
1860 4421 2128 4514 ratiocinantur,

1133 4525 1198 4612 τῆς
1219 4513 1384 4614 τριαίνης
1406 4518 1552 4587 nomine
1571 4541 1734 4604 moveor,
1767 4542 1858 4613 quae
1872 4517 2065 4597 Ecclesiam
2087 4530 2125 4599 in

1134 4636 1204 4692 tres
1220 4633 1329 4689 sectas
1344 4620 1544 4691 distractam
1565 4634 1713 4690 conatur
1727 4621 1766 4689 in
1786 4623 2012 4694 concordiam
2030 4631 2126 4700 redi-

1134 4744 1225 4814 gere.
1273 4720 1343 4790 Sed
1360 4721 1399 4788 in
1416 4716 1628 4814 Apocalypsi
1642 4721 1810 4813 scriptum
1826 4736 1889 4811 est,
1912 4720 1981 4819 τὴν
1995 4714 2127 4825 Rapis).

1134 4817 1235 4895 λώνα
1250 4836 1410 4892 ruentem
1427 4823 1466 4889 in
1481 4835 1551 4891 tres
1566 4834 1682 4913 partes
1697 4820 1830 4909 dividi,
1844 4849 1923 4918 ⁴qua
1939 4829 2035 4904 dere
2051 4856 2126 4904 sae-

1134 4949 1179 5017 pe
1193 4937 1275 4994 ante
1295 4924 1426 4994 multos
1442 4945 1554 4991 annos
1577 4922 1739 5012 cogitavi.
1790 4924 1859 4995 Sed
1879 4926 1974 4998 inter
1992 4924 2056 4999 has
2070 4935 2127 5002 di-

1136 5019 1365 5096 lacerationes
1385 5038 1425 5094 ut
1440 5022 1536 5093 Deus
1551 5038 1664 5094 servet
1684 5024 1820 5116 aliquas
1833 5049 1934 5095 verae
1951 5025 2127 5106 Ecclesiae

1136 5127 1314 5221 reliquias,
1340 5137 1373 5195 et
1386 5118 1534 5195 honesta
1549 5149 1589 5195 ac
1604 5125 1796 5218 tranquilla
1810 5125 1935 5196 studiis
1949 5130 2129 5207 doctrinae

1175 5378 1206 5448 ¹³)
1224 5376 1316 5433 Serius
1329 5374 1401 5429 misit
1414 5388 1470 5427 uon
1483 5371 1567 5454 episc3
1575 5372 1780 5494 dupustenum,
1797 5370 1843 5428 sed
1855 5370 1937 5442 episc.
1945 5373 2135 5435 Tridentinum

1213 5444 1402 5504 Cerdiuelem,
1421 5441 1614 5508 Medruerr,a
1646 5439 1761 5511 Pepen.
1837 5486 1840 5495 .

1377 5513 1428 5587 45
