4882 6436
81 257 154 332 eu
662 247 1101 326 srrsroraauu
1154 245 1261 324 nra.
1292 246 1363 327 x1.
1418 248 1551 328 esce.
1837 228 1841 239 “
1974 183 2148 352 ’Μ’

10 476 50 519 „3
82 437 166 497 runt
183 422 454 516 rempublicam3
479 421 538 490 scd
555 421 665 490 incidi
680 423 719 491 in
736 437 865 508 motas,
892 446 981 516 quae
998 444 1076 490 cum
1131 419 1201 488 cles
1237 418 1490 509 interroganti:
1530 446 1594 493 cur
1626 437 1755 495 statum
1787 430 2128 523 quadringentorum

48 532 51 545 '
82 525 271 597 etmultae
291 537 405 601 essent
424 537 458 593 et
479 521 728 622 inexplicatae,
754 528 908 618 quodam
926 521 1079 614 simplici
1131 518 1397 613 adiuvisset?³’)
1449 522 1563 613 Quia,
1591 525 1728 619 inquit,
1755 526 1849 599 nibil
1867 534 1941 601 vidi
1964 536 2002 604 in
2022 563 2127 630 repu-

59 629 200 698 ‘studio
217 627 437 719 quaerendae
453 625 628 708 veritatis,
655 627 857 717 praesertim
880 650 960 696 cum
975 623 1078 693 multi
1132 621 1222 690 blica
1246 622 1323 690 fieri
1339 623 1466 694 melius
1485 626 1652 718 potuisse.
1704 626 1785 700 Non
1808 633 1986 704 inflectere
2008 663 2062 707 me
2081 644 2125 710 ad

83 729 181 800 docti
195 741 229 797 ct
244 728 418 819 sapientes
434 725 545 795 initiis
560 727 833 817 applauderent,
856 720 1078 796 considerare
1131 725 1347 792 adversarios
1366 726 1480 814 volui,
1504 740 1543 796 ut
1558 753 1614 797 me
1630 723 1865 803 hortabantur
1879 737 1982 805 multi
1999 755 2124 828 poten·
2182 712 2206 730 ι’

84 854 141 900 eas
156 829 268 919 coepi.
301 825 347 896 Et
364 851 566 919 quanquam
580 828 743 897 materias
759 824 976 921 quasdam¹⁶)
993 822 1077 894 hor·
1129 837 1180 892 tes
1207 824 1293 906 viri,
1326 827 1410 917 quia
1442 827 1597 896 iudicavi
1624 830 1753 901 rectius
1779 846 1812 902 et
1839 829 1895 904 his
1918 840 2124 926 regionibus

85 932 236 1002 ridiores
256 943 359 998 arctor
373 929 475 996 initio
491 928 697 1013 miscuerat,
723 945 838 1000 tamen
860 930 928 998 alia
945 952 1027 997 vera
1045 943 1076 996 et
1129 949 1224 993 nunc
1246 927 1388 1017 quidem
1416 930 1685 1001 convenientius
1706 955 1779 1002 esse
1801 928 1926 1004 harum
1947 935 2124 1012 Ecclesia-

47 1116 54 1128 ,
84 1031 279 1102 necessaria
299 1054 373 1097 non
397 1030 518 1120 putavi
534 1029 726 1100 reiicienda
744 1054 827 1104 esse.
878 1029 976 1098 Haec
998 1051 1077 1098 cum
1129 1020 1209 1096 rum
1233 1041 1380 1108 statum,
1412 1025 1495 1123 si³⁴)
1519 1031 1648 1123 quibus
1670 1033 1795 1102 officiis
1819 1059 1956 1126 possem
1965 1036 2004 1132 ³⁵)
2028 1043 2123 1113 tucri

83 1146 242 1222 excerpta
258 1127 544 1224 amplecterer¹²).
567 1132 737 1221 paulatim
753 1132 888 1224 aliquas
898 1127 936 1222 ¹⁸)
952 1133 1078 1200 absur-
1129 1140 1163 1196 et
1189 1122 1383 1221 ornare'⁸);
1412 1154 1627 1225 quamquam
1653 1145 1687 1203 et
1715 1128 1774 1204 hic
1799 1149 1909 1207 status
1936 1164 2011 1209 non
2032 1168 2111 1213 meo

80 1236 145 1304 das
162 1232 351 1324 opiniones
366 1232 421 1300 vel
433 1231 559 1302 sustuli
576 1233 630 1300 vel
649 1232 746 1306 lenii.
805 1232 966 1326 Cumque
984 1231 1076 1300 nnll-
1128 1230 1188 1297 sed
1213 1229 1366 1297 aliorum
1387 1232 1535 1301 consilio
1553 1234 1765 1305 constitutus
1786 1251 1879 1316 erat,
1906 1240 2033 1334 inquo
2057 1199 2123 1315 etsi

81 1349 117 1408 ta
127 1329 165 1428 19)
189 1334 373 1404 tribunitia
397 1333 527 1424 passim
551 1333 588 1400 iu
613 1346 684 1403 tota
700 1330 894 1403 Germania
919 1336 1016 1424 plebs
1039 1331 1076 1398 in
1128 1332 1300 1423 quaedam
1324 1326 1464 1427 mihi’⁷)
1488 1334 1741 1424 displicebant,
1760 1350 1800 1408 ut
1816 1339 1968 1409 inomni
1990 1345 2144 1432 guber..

82 1435 256 1506 conviviis
273 1450 307 1504 et
332 1435 467 1503 indocti
489 1435 754 1504 concionatores
778 1436 815 1503 in
838 1436 980 1526 templis
1003 1433 1076 1520 igni
1129 1431 1273 1500 natione
1288 1432 1406 1524 aliqua
1423 1449 1506 1505 suut
1519 1434 1616 1518 vitia,
1639 1449 1757 1505 tamen
1772 1438 1812 1506 in
1825 1433 1894 1509 hoc
1906 1444 2045 1530 agmine
2082 1447 2122 1517 in

83 1538 202 1609 oleum
213 1532 258 1630 ²⁰)
281 1538 462 1621 adderent,
488 1537 644 1626 primum
659 1537 698 1604 in
717 1537 935 1627 inspectione
950 1534 1076 1604 Eccle-
1128 1557 1198 1624 quo
1215 1533 1372 1602 studium
1387 1549 1462 1605 erat
1476 1532 1749 1632 quaerendae⁸⁸)
1764 1541 1936 1627 veritatis,
1954 1566 2026 1614 esse
2042 1500 2120 1617 ina-

83 1635 263 1729 siarum¹')
278 1638 390 1707 multa
405 1637 553 1721 correxi,
580 1663 650 1730 quo
666 1651 822 1727 tempore
838 1634 937 1729 ita²²)
954 1660 1076 1705 accen·
1128 1633 1197 1717 lui,
1230 1657 1335 1725 quam
1357 1638 1451 1726 apud
1474 1631 1612 1717 hostes,
1644 1638 1707 1731 qui
1737 1640 1905 1710 iniustam
1937 1647 2121 1718 saevitiam

82 1735 265 1830 derunt²³)
281 1741 447 1808 adversus
462 1763 518 1805 me
533 1738 650 1808 aulam
667 1751 811 1830 propter
825 1741 982 1808 studium
998 1760 1076 1804 mo·
1128 1736 1343 1808 exercebant.
1393 1734 1444 1807 Et
1464 1738 1628 1829 deinceps
1654 1736 1846 1835 quoque³⁹)
1871 1747 2121 1838 tranquillitati

83 1842 277 1914 derationis
299 1835 539 1932 nonnulli²⁴),
563 1839 626 1932 qui
644 1840 822 1923 iactitant,
847 1863 883 1908 se
904 1862 999 1907 nunc
1017 1861 1077 1904 ve-
1128 1831 1254 1904 harum
1271 1831 1508 1908 Ecclesiarum
1526 1840 1678 1910 libenter
1694 1841 1888 1913 serviturus
1904 1868 1994 1920 sum.
2047 1847 2119 1920 Sed

82 1943 152 2015 luti
173 1945 363 2012 caduceum
373 1938 416 2036 ²⁵)
439 1954 597 2010 tenentes
618 1942 850 2011 inconvento
869 1937 1076 2029 Augustano
1127 1938 1263 2005 turbari
1282 1961 1338 2005 eas
1358 1939 1414 2007 vel
1438 1952 1572 2009 mutato
1593 1964 1719 2029 genere
1739 1945 1938 2030 doctrinae,
1965 1949 2020 2016 vel
2043 1951 2118 2041 pel-

84 2044 294 2116 concordiae
316 2058 457 2113 autores
479 2036 618 2133 esse²⁶),
645 2054 685 2111 ut
701 2044 773 2113 vita
794 2066 869 2111 mea
892 2043 930 2109 in
949 2040 1076 2108 discri-
1128 2038 1242 2106 lendis
1261 2033 1417 2108 honestis
1434 2041 1520 2109 viris
1536 2036 1765 2134 nequaquam
1776 2045 1901 2130 velim,
1927 2050 2042 2141 deque
2059 2074 2119 2121 ea-

84 2169 168 2216 men
185 2146 330 2217 veniret.
382 2140 435 2212 Ac
459 2157 576 2233 postea
591 2144 695 2212 annis
711 2145 783 2212 fere
799 2143 926 2232 viginti
942 2142 1002 2211 alii
1020 2164 1076 2207 me
1127 2135 1258 2229 rum⁴⁰)
1280 2163 1372 2208 nova
1394 2141 1624 2232 dissipatione
1640 2167 1719 2212 cum
1735 2146 1870 2234 cogito,
1897 2148 2030 2237 ingenti
2053 2127 2120 2220 do-

82 2249 195 2338 frigus
211 2262 245 2317 et
259 2245 406 2334 glaciem
425 2245 674 2329 nominarunt,
700 2246 760 2313 alii
782 2269 839 2313 me
857 2243 1024 2313 assentari
1035 2237 1076 2333 ²⁷)
1127 2242 1201 2308 lore
1223 2240 1294 2308 iam
1310 2243 1611 2333 quoqueafficior.
1657 2236 1758 2313 Nihil
1778 2258 1850 2315 tam
1873 2260 2033 2318 tenerum
2054 2266 2117 2337 est,

84 2349 293 2434 adversariis
310 2348 486 2418 dixerunt.
539 2344 692 2414 Memini
707 2347 884 2438 quendam
903 2340 1077 2413 mihiob-
1128 2336 1218 2409 nihil
1248 2341 1386 2411 facilius
1424 2344 1605 2428 turbatur,
1639 2368 1745 2437 quam
1769 2343 1954 2418 ¹invocatio
1980 2347 2049 2420 Dei
2080 2353 2119 2423 in

85 2451 209 2533 iiccre,
240 2473 296 2516 me
325 2447 459 2516 ambire
484 2448 641 2534 galerum
663 2443 949 2519 Cardinalitium.
999 2442 1076 2513 Hac
1128 2438 1520 2517 mentibusbominum.
1559 2444 1631 2515 Nec
1646 2444 1760 2516 maius
1778 2448 1891 2518 ullum
1907 2450 2040 2521 malum
2058 2466 2121 2539 est,

84 2551 272 2644 iniquitate
293 2549 506 2618 iudiciorum
524 2542 617 2616 nibil
634 2562 750 2618 motus
765 2573 845 2618 cum
862 2549 901 2616 in
918 2542 974 2614 his
992 2569 1078 2636 ope·
1127 2568 1191 2611 nec
1206 2543 1322 2611 acrior
1337 2544 1432 2613 ullus
1447 2546 1566 2627 dolor,
1592 2570 1699 2639 quam
1714 2547 1950 2619 invocationis
1969 2536 2119 2643 langue·

84 2649 185 2743 πῖθ’)
201 2647 417 2720 scholasticis
435 2649 504 2716 dici
518 2647 745 2718 deEcclesiae
760 2650 921 2720 doctrina
937 2668 1077 2716 necesse
1126 2640 1293 2735 factio⁴¹).
1345 2641 1550 2731 Assentior,
1576 2646 1614 2714 in
1641 2648 1734 2733 oies,
1759 2672 1824 2718 nec
1846 2653 2043 2723 mutabitur
2057 2676 2120 2743 ge·

86 2767 191 2836 esset,
223 2777 279 2822 res
305 2751 536 2834 necessarias,
568 2764 699 2843 quanta
732 2750 833 2840 potui
862 2750 1076 2842 proprietate
1128 2767 1195 2815 nus
1209 2745 1408 2831 doctrinae;
1431 2760 1527 2816 tanta
1544 2760 1595 2816 est
1609 2673 1746 2819 llaroli
1759 2748 1984 2842 lmperatoris
1999 2755 2121 2844 pietas,

84 2855 248 2945 exposui,
273 2854 402 2924 multas
419 2846 462 2945 ²⁹)
488 2851 659 2940 praescidi
685 2852 830 2921 inutiles
855 2851 1078 2943 quaestiones
1128 2860 1168 2915 ut
1196 2870 1321 2915 sanare
1352 2861 1386 2916 et
1417 2848 1631 2938 coniungere
1647 2847 1823 2921 Ecclesiae
1845 2854 1942 2928 velit.
1992 2852 2121 2942 Credo,

84 2959 255 3052 quosdam
281 2954 442 3044 scopulos
455 2949 495 3043 ³⁰)
519 2953 701 3043 praeterii,
735 2977 779 3022 ne
804 2954 1078 3021 accenderentur
1128 2948 1350 3038 imperatoris
1367 2947 1585 3021 voluntatem
1606 2952 1737 3022 bonam
1759 2976 1853 3038 esse,
1877 2968 1912 3023 et
1927 2955 2030 3026 video
2046 2982 2122 3027 me-

84 3059 218 3128 maiora
234 3056 391 3127 dissidia.
414 3050 463 3124 Et
479 3054 650 3144 proluisse
665 3047 756 3125 hanc
772 3053 951 3144 propriam
967 3051 1079 3141 expli·
1129 3049 1265 3117 diocres
1292 3049 1514 3119 conditiones
1546 3053 1710 3144 proponi.
1769 3051 1840 3124 Sed
1864 3068 1983 3124 tamen
2011 3080 2120 3147 pauca

85 3160 259 3231 rationem
276 3160 321 3227 ad
338 3179 549 3225 consensum
569 3152 808 3224 Ecclesiarum
825 3155 862 3222 in
878 3155 1001 3223 multis
1022 3177 1079 3220 re-
1130 3153 1300 3243 quaedam
1315 3151 1468 3239 mitigari
1491 3153 1654 3242 optarim.
1706 3151 1823 3224 Multa
1841 3170 1966 3246 sponte
1983 3170 2016 3226 et
2031 3158 2123 3229 libe-

86 3261 252 3352 gionibus
282 3282 355 3329 non
385 3260 575 3326 obscurum
601 3269 664 3330 cst.
715 3255 785 3326 Sed
812 3256 958 3348 quidam
989 3249 1077 3321 milri
1125 3251 1252 3320 raliter
1272 3252 1422 3339 largior,
1455 3255 1498 3321 de
1524 3255 1653 3345 quibus
1675 3256 1844 3325 acerrime
1865 3258 2122 3352 pugnarunt⁴²)

12 3360 15 3365 ’
86 3358 174 3453 eo³')
199 3363 415 3439 irascuntur,
443 3361 539 3450 quod
560 3359 726 3426 invitasse
747 3358 942 3428 iuventutis
963 3356 1079 3426 studia
1130 3353 1202 3421 alii.
1244 3350 1410 3421 l‘olitiam
1427 3355 1702 3441 ecclesiasticam,
1727 3369 1768 3427 ut
1784 3358 1957 3449 episcopis
1973 3374 2009 3430 et
2026 3383 2123 3430 sum-

86 3465 132 3533 ad
149 3463 330 3530 doctrinae
348 3474 487 3527 nostrae
502 3481 612 3548 genus
627 3454 875 3548 existimor⁸²),
902 3470 935 3525 et
951 3457 1080 3525 confrr-
1131 3478 1188 3520 mo
1206 3452 1369 3543 episcopo
1385 3455 1563 3523 tribuatur
1578 3457 1780 3542 auctoritas,
1804 3483 1893 3551 quac
1909 3460 2124 3533 describitur

87 3561 409 3632 massemultorum
427 3560 636 3628 voluntates.
675 3555 743 3625 His
759 3558 852 3626 idem
871 3557 1080 3648 respondeo,
1133 3556 1169 3620 in
1183 3553 1277 3621 libro
1294 3549 1573 3647 Augustano‘³),
1599 3558 1798 3627 conservari
1814 3573 1909 3649 opto.
1950 3558 2124 3632 Fortassis

88 3663 185 3759 quod
207 3674 301 3730 mota
326 3659 506 3751 republica
524 3657 628 3729 attica
653 3673 688 3728 et
715 3658 880 3728 translata
905 3659 1080 3746 guberna·
1133 3667 1256 3723 natura
1267 3649 1309 3744 ⁴⁴)
1325 3678 1403 3723 sum
1420 3654 1563 3742 ingenio
1575 3655 1706 3725 servili.
1758 3655 1829 3728 Sed
1844 3672 1965 3729 tamen
1978 3641 2060 3732 veri
2075 3665 2123 3733 ita

87 3766 186 3837 tione
199 3764 244 3833 ad
262 3762 539 3856 quadringentos
553 3760 737 3851 respondit
751 3759 924 3833 Pisandro
940 3752 1082 3849 Sopho-
1133 3756 1263 3839 sentio,
1288 3755 1496 3824 modestiam
1518 3778 1592 3826 esse
1613 3757 1883 3828 convenientem
1899 3762 2002 3846 bonis
2023 3789 2122 3834 mcu-

89 3932 295 3954 *W

122 4031 171 4099 16)
186 4033 327 4099 quaedam
345 4028 420 4082 abest
441 4045 456 4080 e
477 4024 540 4082 eod.
558 4023 639 4080 Gotls.
654 4026 677 4079 l.

125 4117 170 4182 17)
188 4114 274 4169 Manl.
292 4108 499 4178 complecterer.
739 4168 743 4179 ι

126 4199 173 4268 18)
191 4200 304 4264 aliquas
321 4197 395 4249 abest
414 4216 428 4248 a
447 4194 508 4250 eod.
530 4192 612 4248 Gotlr.
627 4194 651 4247 l.

1166 4074 1211 4140 88)
1231 4071 1318 4127 Manl.
1336 4072 1522 4126 admise‘ssent.
1560 4069 1628 4126 cod.
1649 4068 1731 4125 Gost.
1747 4072 1770 4126 l.
1789 4073 1961 4130 admisisset.

1170 4163 1213 4231 84)
1232 4163 1258 4214 si
1276 4159 1379 4214 addunt
1398 4158 1482 4214 Manl.
1502 4165 1529 4209 et
1547 4154 1628 4214 codd.

1169 4247 1214 4314 85)
1232 4244 1300 4299 Cod.
1320 4242 1402 4296 Goth.
1421 4242 1447 4295 8.
1466 4242 1582 4306 possiem

1170 4331 1216 4394 88)
1235 4327 1304 4383 cod.
1323 4325 1404 4380 Goth.
1417 4324 1443 4379 4.
1461 4327 1568 4378 e'nuare.

1171 4416 1215 4483 87)
1235 4410 1319 4467 Manl.
1339 4413 1445 4464 mullis.

1171 4499 1217 4564 88)
1235 4497 1304 4549 Cod.
1319 4492 1401 4548 Goth.
1417 4497 1439 4548 l.
1457 4501 1483 4545 et
1500 4491 1526 4546 4.
1545 4493 1735 4558 indagandae.

1172 4583 1219 4648 89)
1238 4578 1323 4632 blanl.
1335 4586 1361 4628 et
1377 4575 1439 4630 cod.
1454 4573 1569 4656 §uetpb
1591 4592 1648 4626 non
1667 4572 1766 4628 babens
1783 4591 1896 4651 quoque.
1924 4576 1993 4633 cod.
2008 4579 2092 4638 Gotb.
2103 4582 2129 4638 l.

1208 4661 1235 4702 et
1252 4647 1387 4714 deniqne,
1410 4662 1511 4695 omisso
1532 4660 1648 4711 quoque.

123 4285 168 4354 89)
188 4286 281 4336 multa
299 4280 465 4334 desiderator
482 4280 510 4331 in
530 4287 593 4334 text.
613 4277 691 4349 impr.

123 4370 170 4440 10)
190 4370 250 4435 igni
264 4369 358 4419 oleum
376 4383 431 4417 non
449 4363 528 4416 habet
547 4362 632 4416 Manl.

125 4455 173 4518 21)
191 4455 220 4505 in
239 4453 310 4515 insp.
330 4451 392 4501 eccl.
412 4447 480 4500 male
499 4446 596 4499 desunt
614 4447 642 4498 in
661 4454 735 4499 testu
752 4445 832 4516 impr.

125 4539 171 4604 22)
189 4538 241 4590 olii
257 4552 306 4605 pro
324 4535 367 4584 ila
384 4531 471 4586 Menl.

127 4624 175 4694 28)
197 4623 265 4676 eod.
286 4619 370 4674 Gotlr.
386 4620 409 4675 l.
428 4623 626 4674 accenderant.

128 4707 174 4774 24)
193 4707 327 4758 nonnulli
337 4734 372 4745 -
385 4729 420 4744 -·
431 4705 512 4757 ἀίειν.
527 4703 648 4764 ueniret,
665 4699 815 4773 suppressit
833 4699 960 4755 Manlius.

128 4792 174 4858 2⁵>
194 4790 264 4847 Cod.
283 4787 368 4845 Goth.
385 4789 409 4842 l.
430 4797 456 4840 et
474 4787 500 4840 4.
517 4787 751 4853 gubernassem.
1408 4844 1413 4856 ¹
1479 4841 1485 4854 ι
1507 4838 1514 4853 ⁶
2008 4824 2010 4829 ,
2197 4846 2200 4855 Ι

129 4881 177 4948 26)
194 4880 265 4933 Puto
284 4876 381 4937 loson.
397 4873 563 4944 Agricolam.
669 4957 675 4970 .
1175 4840 1514 4979 sslrlat'lssmfflclzo‘de'td'
1522 4858 1558 4961 gg
1557 4839 1676 4962 (1Μέξέἱέ
1688 4840 1883 4965 -csdiogelffi
1893 4852 1919 4897 el
1933 4845 2091 4966 ppd3Gotlr.
2105 4851 2132 4907 4.

40 5004 45 5011 .
131 4967 183 5038 27)
201 4964 287 5020 Meni.
307 4971 333 5016 et
351 4960 413 5014 eod.
432 4957 548 5028 Goelpls.
566 4965 713 5010 assensere.
1211 4936 1358 5051 ”¹²:¹stqu
1375 4975 1555 5033 mumioni
1573 4948 1703 5042 hemah
1720 4913 1938 5035 &qb-swirlipg
1958 4925 2036 5052 qt‘eq²
2043 4920 2134 5047 uqqqq

131 5054 178 5118 28)
199 5050 267 5106 cod.
286 5045 369 5103 Gelil).
390 5047 413 5100 l.
431 5045 457 5098 2.
474 5043 499 5100 8.
518 5030 657 5108 operibul.
1212 5056 1351 5109 werhen.

130 5137 177 5204 29)
197 5137 303 5188 multas
320 5131 394 5184 abest
411 5148 426 5181 e
444 5127 531 5182 Mart.
1176 5140 1224 5204 42)
1245 5135 1314 5190 cod.
1334 5130 1417 5184 Goth.
1437 5132 1460 5185 1.
1477 5139 1503 5183 ee
1520 5130 1546 5183 4.
1562 5139 1701 5194 pugnans.

131 5225 178 5292 ω)
198 5221 285 5277 Msnl.
305 5219 462 5283 scrupulos.
532 5290 545 5300 Ι,
586 5268 595 5293 .·
1177 5223 1223 5286 48)
1243 5217 1348 5270 Verba:
1368 5224 1398 5268 ut
1416 5215 1547 5280 episeopis
1563 5239 1600 5252 -
1615 5243 1651 5254 -
1666 5224 1830 5281 anguem
1847 5235 1903 5272 noo
1922 5218 2001 5275 lrebet
2019 5220 2107 5281 Menl.

132 5306 179 5375 si)
199 5306 244 5360 sae
263 5298 349 5356 nant.
367 5310 393 5353 a
411 5295 493 5375 aaa
583 5282 657 5371 eleo.
1178 5307 1224 5373 44)
1243 5312 1351 5355 aarum
1369 5301 1476 5355 asae·
1499 5294 1590 5352 uest.
1608 5305 1635 5353 u
1655 5297 1716 5355 eoa.
1731 5297 1854 5369 soon.
1874 5332 1907 5346 -
1934 5303 2010 5366 ,coa
2023 5305 2130 5369 oeus

133 5392 180 5460 82)
199 5388 286 5444 Menl.
304 5394 330 5439 et
349 5383 411 5440 cod.
430 5376 520 5455 Gieelp
538 5421 547 5437 .
565 5380 753 5443 mamone
812 5405 815 5411 ·
1215 5371 1293 5428 babet
1310 5369 1410 5433 niensis.
1931 5407 1935 5413 .
2005 5416 2008 5420 ,
2130 5352 2137 5367 ’

99 5471 278 5538 Manem
295 5463 400 5530 one.
426 5451 586 5528 vom.
1370 5440 1431 5513 ,56

1173 4749 1220 4816 40)
1239 4746 1314 4799 Text.
1332 4743 1402 4796 mele
1421 4759 1534 4803 eorum;
1559 4739 1645 4796 Manl.
1663 4749 1690 4794 et
1708 4742 1789 4796 codd.
1808 4760 1914 4803 earum.
2018 4731 2024 4738 ³
