4882 6426
183 362 272 438 roo
330 300 333 307 ³
770 326 1213 430 tuusronaauu
1271 330 1461 417 tras
1512 330 1646 410 sset.
2163 341 2240 416 rto

198 555 256 604 eos
270 533 466 604 recordatio
482 516 689 625 prterunt)
704 502 868 599 laborum
884 539 918 596 et
932 541 1193 625 aerumnarum,
1246 531 1326 579 mut
1342 506 1481 579 animos
1495 507 1540 576 ad
1555 502 1781 597 patientiam,
1805 526 1848 576 sc
1867 506 2124 599 mitigationem
2146 510 2237 581 cala·

198 659 284 727 quas
300 634 453 704 sustinui
468 633 619 717 multas,
644 644 790 722 propter
798 623 1063 715 Theologorum
1079 635 1113 692 et
1126 645 1192 689 au·
1244 611 1408 681 miratum
1422 621 1599 701 petamus,
1630 617 1665 675 st
1680 605 1831 676 assiduis
1852 610 2016 699 precibus
2034 633 2075 681 ac
2096 612 2236 700 gemiti-

185 736 311 808 .larum
335 736 583 803 immoderatas
605 731 792 821 opiniones
808 723 859 822 ⁶),
885 753 974 798 cum.
991 726 1133 819 quidem
1150 745 1191 788 ex
1244 712 1310 780 bus
1324 724 1496 810 optemus,
1520 722 1561 778 ut
1576 707 1755 775 illucessctt
1773 702 2082 795 diflilflflfifflfmlsss
2109 713 2145 780 1¹¹
2164 737 2235 805 (111⁰

196 858 323 924 magna
341 835 546 904 confusione
560 832 841 922 disputationum
858 830 1057 916 colligerem
1072 845 1190 892 veram
1242 811 1336 880 filius
1350 811 1418 882 Dei
1441 811 1569 881 iterum
1586 809 1837 897 conspicietur,
1863 823 1897 880 et
1914 807 2110 882 Ecclesiam
2132 836 2232 883 suam

197 949 232 1005 et
257 937 462 1026 explicatam
485 933 665 1004 doctrinae
689 933 858 1015 formam,
891 944 925 1000 et
954 929 1102 996 aliamm
1131 946 1191 989 ar·
1241 911 1353 999 gloria
1378 935 1460 980 vera
1485 908 1645 993 ornabit,
1676 909 1717 977 in
1753 934 1822 1001 qua
1853 922 1888 979 et
1920 907 2014 1009 tu⁸)
2045 913 2232 1002 coniugem

197 1038 287 1106 tium
318 1036 434 1105 studia
467 1033 692 1103 mediocriter
717 1032 886 1101 iuvarem.
954 1026 1046 1097 Cum
1071 1036 1190 1093 autem

196 1160 293 1205 nunc
316 1136 434 1206 adsint
456 1149 489 1205 et
511 1134 615 1202 ceteri
630 1130 810 1230 Collegae,
834 1131 933 1200 velut
954 1128 994 1196 iu
1009 1121 1191 1219 hybernis,

196 1236 433 1309 sinobiscum
457 1259 530 1304 esse
552 1235 667 1313 voles,
701 1233 891 1323 tantisper,
927 1232 1014 1299 dum
1037 1249 1108 1299 uua
1130 1248 1189 1294 su-

1242 1019 1337 1081 tuam
1366 1012 1507 1081 dulciss.
1538 1032 1660 1081 rursus
1688 1010 1938 1101 complecteris.
2014 1010 2112 1082 Bene
2141 1016 2230 1085 vale.

1240 1115 1301 1184 20.
1316 1108 1464 1185 Octobr.
1484 1136 1567 1181 ann.
1593 1105 1700 1181 1547.
1903 1108 1906 1114 ’

1893 1206 1988 1285 Phil.
2007 1210 2182 1286 Melanth.

195 1330 293 1422 mus,
327 1336 504 1426 stipendio
526 1335 674 1418 frueris,
708 1348 748 1405 ut
768 1346 881 1406 antea.
939 1327 1017 1418 Ego
1041 1349 1190 1416 semper,
1262 1351 1266 1367 ·

197 1440 400 1530 ubicunque
416 1461 497 1520 ero,
524 1449 557 1505 et
573 1431 823 1531 sententiam')
839 1436 883 1503 de
902 1431 1075 1511 doctrina,
1100 1449 1189 1518 quae

198 1554 306 1609 exstat
327 1541 364 1606 in
391 1537 660 1629 meis'scriptis,
695 1549 730 1605 et
750 1533 958 1603 memoriam
980 1542 1112 1620 gratam
1128 1550 1189 1594 ve-

196 1653 286 1709 strae
313 1640 486 1710 amicitiae
507 1663 646 1708 mecum
668 1636 929 1718 circumferam,
962 1633 1034 1700 imo
1054 1629 1094 1697 in
1107 1650 1189 1698 eoe-

189 1741 272 1811 lum
305 1741 462 1811 adieram
480 1735 527 1836 ⁸).
594 1739 754 1812 Salutem
789 1749 873 1828 opto
904 1733 951 1810 D.
975 1725 1020 1802 F
1016 1725 1189 1802 ranciseo.

194 1837 293 1912 Bene
309 1841 398 1912 vale.
449 1839 517 1912 Die
532 1839 651 1911 Lucae
663 1835 782 1923 1547.

890 1928 1092 2025 Philippus.

1032 2297 1090 2357 20.
1105 2286 1177 2352 Oct.

1013 2376 1185 2408 m

197 2292 393 2421 Q.

482 2458 588 2542 Bere.
615 2453 906 2541 Scleumanno.

442 2588 450 2601 1

269 2640 290 2703 †
319 2635 356 2689 Er
373 2632 529 2755 apographo
549 2633 578 2687 in
597 2630 661 2686 eod.
680 2629 780 2685 Breari
798 2625 862 2682 Vol.
876 2627 900 2682 1.
918 2619 1019 2696 puts.
1036 2631 1062 2676 et
1081 2620 1111 2675 in
1128 2618 1193 2677 esd.

300 2706 412 2758 Monac.
442 2702 468 2756 9.
487 2700 591 2777 nolit.
611 2718 638 2771 p.
653 2698 724 2757 82¹).

199 2849 411 2927 Reverendo
427 2851 522 2932 viro,
549 2845 752 2920 eruditione
774 2855 805 2914 et
825 2843 953 2913 virtute
972 2835 1193 2938 praestanti,

199 2944 903 3035 Dm.BenediatoSclsumann*),
926 2935 1194 3040 pastorieccle-

273 3058 353 3128 siae
371 3051 432 3125 dei
446 3053 485 3122 in
503 3049 672 3131 Setinis,
698 3047 817 3119 arnico
831 3069 899 3116 sao
916 3039 1117 3114 carissimo.

199 3174 242 3266 S.
270 3191 315 3264 D.
366 3186 521 3259 Difficile
544 3199 596 3256 est
619 3182 751 3255 recenti
775 3177 915 3250 vulneri
941 3177 978 3245 in
996 3198 1079 3243 vero
1096 3172 1194 3241 luctu

191 3291 333 3385 ‘mederi
343 3315 352 3378 ;
380 3293 440 3362 sed
452 3305 575 3371 ¹tamen
594 3311 673 3357 oum
687 3284 758 3378 tibi
773 3296 877 3353 notae
895 3279 967 3348 sint
983 3297 1085 3345 verae
1109 3297 1194 3343 con-

199 3395 388 3467 solationes
412 3392 587 3462 divinitus
612 3386 830 3484 propositae,
871 3396 906 3451 te
932 3372 1120 3478 adhortor,
1154 3385 1196 3442 ut

202 3520 260 3566 eas
283 3516 442 3584 opponas
465 3508 527 3562 tuo
549 3490 686 3571 dolori,
719 3487 815 3577 quod
836 3481 998 3549 videlicet
1022 3500 1097 3545 non
1113 3497 1196 3542 casu

205 3595 358 3666 extincta
375 3594 419 3661 sit
434 3588 681 3660 honestissima
697 3585 852 3653 coniunx
872 3595 952 3663 tua,
990 3579 1049 3645 sed
1075 3598 1095 3643 a
1118 3570 1195 3643 Deo

201 3709 364 3779 evocata,
405 3706 439 3762 et
464 3689 705 3768 translataad
731 3683 931 3756 societatem
956 3677 1023 3747 tilii
1048 3675 1124 3760 sui,
1141 3725 1143 3729 ν
1163 3686 1198 3743 et

201 3811 402 3870 sanctarum
423 3800 686 3874 matronarum,
725 3784 863 3868 Hevae,
900 3780 1026 3863 Sacae,
1059 3773 1197 3846 Mariae

203 3917 237 3969 et
260 3889 449 3978 similium,
488 3893 553 3964 ubi
573 3916 613 3961 ea
637 3905 670 3961 te
693 3904 727 3960 et
747 3884 971 3958 dulcissimos
994 3891 1096 3949 natos
1119 3874 1196 3947 Deo

202 4000 436 4070 commendat.
489 3994 600 4083 Saepe
622 3991 736 4079 cogito
760 3988 799 4057 in
823 3986 947 4057 talium
968 3981 1105 4072 piarum
1121 4001 1198 4046 ma-

203 4117 387 4173 tronarum
410 4098 594 4167 funeribus
620 4089 689 4163 hoc
710 4092 886 4180 tempore,
917 4097 1049 4155 restare
1065 4073 1198 4172 alios²)

202 4204 355 4271 maiores
372 4212 487 4275 motus
509 4196 738 4285 imperiorum
755 4188 805 4283 ²),
830 4189 960 4282 quibus
979 4183 1076 4255 Deus
1096 4203 1199 4272 prae-

204 4305 291 4394 ripit
313 4303 399 4371 tales
423 4308 611 4365 matronas.
670 4292 773 4363 Certe
796 4291 940 4380 eclipses
965 4298 1036 4355 tres
1058 4285 1199 4353 futurae

204 4407 300 4473 intra
334 4426 391 4471 sex
421 4420 556 4467 menses
588 4417 698 4486 paene
720 4392 866 4462 exitium
889 4388 1055 4459 universo
1079 4381 1201 4472 generi

205 4502 362 4575 humano
378 4500 589 4571 denuntiant
604 4493 671 4564 hoc
687 4493 845 4563 biennio.
896 4488 1016 4578 Quare
1033 4505 1200 4573 agnosca-

205 4603 330 4699 mus³)
349 4608 417 4673 tata
434 4600 551 4671 ultimi
569 4596 738 4687 temporis
753 4589 931 4663 Ecclesiae
950 4583 1008 4683 ⁴),
1034 4600 1068 4656 et
1081 4585 1201 4687 flecta-

208 4752 434 4772 Μ·-

244 4828 274 4896 5)
290 4826 419 4893 prtorum
433 4843 447 4877 e
460 4832 532 4876 textu
546 4819 617 4890 apud
631 4819 719 4875 Dana.
733 4815 840 4871 excidit.

243 4914 272 4980 6)
293 4912 356 4965 Mst.
370 4909 455 4962 Mani.
472 4908 641 4960 rixationes.

180 5048 183 5053 .
242 4998 270 5064 7)
290 4997 357 5050 Mst.
369 4993 457 5047 Mani.
470 4999 543 5044 reete
557 4989 746 5049 sententiam,
765 4984 828 5038 libri
840 4979 966 5053 impressi
982 4977 1151 5032 sententiae.

241 5084 271 5146 a)
290 5086 348 5134 imo
360 5083 388 5131 ia
401 5080 467 5131 caet.
480 5077 540 5142 ads.
560 5073 717 5128 exciderunt
729 5090 743 5124 e
758 5078 828 5122 testu
842 5066 950 5122 Daunii.

243 5171 274 5238 ¹⁸)
293 5162 549 5223 contionante.
565 5161 724 5226 Susrnann,
745 5156 886 5211 mendose.

246 5259 272 5322 t)
295 5253 364 5308 cod.
380 5251 494 5305 Monac.
510 5247 552 5300 89.
567 5247 690 5312 aliquos.

244 5341 274 5405 2)
293 5336 479 5402 imperiorum
497 5349 552 5384 non
567 5329 646 5382 babet
660 5326 723 5382 eod.
737 5327 847 5380 Monac.
862 5324 907 5377 89.

244 5424 272 5488 d)
290 5421 360 5474 Cod.
373 5418 484 5471 Monac.
501 5413 545 5466 89.
561 5427 768 5479 cognoscamus.

244 5510 274 5576 4)
293 5504 431 5558 Ecclesiae
446 5518 502 5553 non
517 5497 596 5553 babet
610 5494 672 5550 cod.
686 5491 766 5547 Mon.
779 5491 820 5544 89.

1240 1541 1307 1615 No.
1325 1539 1441 1614 tots.

1245 1637 1417 1668 “a

2095 1550 2235 1620 aeon.

2098 1639 2235 1667 m

1577 1730 1685 1817 Sim.
1701 1732 1901 1818 Pistorio.

1340 1905 1425 1978 Epist.
1440 1903 1486 1962 lib.
1495 1903 1529 1961 V.
1547 1920 1576 1976 p.
1591 1906 1644 1960 210
1660 1923 1702 1977 sq.

1224 2048 1467 2131 ,Clarissimo
1484 2048 1701 2152 etAmpliss.
1716 2054 1816 2134 tiro,
1843 2051 2063 2135 eruditione,
2087 2058 2235 2155 sapien-

1244 2157 1298 2227 tia
1322 2167 1354 2227 et
1373 2156 1502 2226 virtute
1521 2156 1733 2253 praestanti
1753 2153 1922 2225 Domino
1945 2153 2131 2226 Simoni
2152 2154 2237 2229 Pi-

1236 2259 1413 2340 ·storio,
1446 2254 1557 2327 Doet.
1576 2255 1700 2341 Iuris,
1732 2248 1971 2327 Cancellario
1996 2255 2130 2352 inclyti
2143 2257 2237 2330 Ele-

1244 2360 1374 2447 ctoris,
1397 2355 1521 2429 Ducis
1537 2355 1748 2438 Senoniae,
1775 2366 1807 2426 ei
1825 2351 1992 2426 Patrono
2015 2359 2238 2451 optimarum

1668 2459 1817 2527 artium.

1243 2574 1289 2664 S.
1309 2597 1354 2670 D.
1395 2587 1624 2684 Amplissime
1639 2588 1710 2663 Dn.
1726 2588 1954 2664 Cancellarie.
2005 2589 2055 2664 Et
2071 2591 2238 2670 lllustris-
2316 2604 2332 2679 ζ

1244 2694 1342 2763 simis
1358 2692 1602 2784 Principibus,
1624 2686 1718 2762 D'uei
1731 2690 1923 2778 Saxoniae,
1940 2687 2095 2764 Electori
2110 2711 2143 2768 et
2150 2696 2184 2769 1²
2184 2725 2240 2771 ra-

1246 2796 1311 2879 tri,
1337 2808 1371 2864 et
1389 2793 1698 2886 praestantissimis
1713 2792 1810 2877 viris,
1834 2792 2000 2864 Dominis
2015 2793 2240 2870 Consiliariis

1246 2896 1374 2985 gratias
1399 2916 1482 2982 ago,
1514 2917 1591 2962 meo
1613 2906 1647 2963 et
1670 2893 1785 2962 nostri
1811 2908 1930 2964 coetus
1950 2899 2115 2979 nomine,
2143 2905 2239 2994 quod

1246 2996 1402 3065 alveolos
1422 2993 1633 3063 Academiae
1652 2995 1701 3063 ad
1721 2989 1844 3062 Albim
1867 3009 2003 3069 curant.
2058 2996 2238 3072 Comitum

1246 3092 1522 3190 Siolbergorum
1555 3093 1737 3186 responsio
1770 3119 1855 3164 voce
1884 3109 2022 3167 tantum
2049 3087 2129 3172 data
2161 3103 2240 3189 fuit,

1247 3199 1367 3267 eadem
1388 3197 1579 3278 sententia,
1614 3219 1721 3287 quam
1744 3194 1783 3262 in
1806 3196 1918 3267 literis
1939 3199 2117 3287 scribunt,
2151 3228 2239 3296 qua-

1246 3323 1326 3369 rum
1340 3299 1485 3368 misistis
1500 3297 1716 3387 exemplum3
1742 3320 1833 3367 onus
1852 3299 1942 3368 illud
1961 3304 2169 3373 translatum
2186 3329 2241 3375 es—

1245 3425 1283 3470 se
1299 3401 1338 3467 in
1351 3392 1833 3495 ComitesMaasseldenses,
1857 3401 1919 3492 qui
1936 3415 2058 3471 tenent
2072 3427 2124 3489 ea,
2151 3431 2240 3499 quae

1246 3501 1400 3591 possedit
1415 3492 1544 3567 Comes
1559 3493 1742 3568 Albertus.
1794 3498 1865 3568 Nec
1880 3501 2000 3570 literas
2017 3504 2061 3571 de
2077 3507 2242 3576 donatio-

1247 3623 1294 3668 ne
1309 3599 1371 3667 illa
1384 3599 1474 3669 iacta
1488 3595 1699 3667 Academiae
1714 3591 1900 3681 habemus,
1927 3602 2007 3682 etsi,
2034 3617 2074 3672 ut
2097 3630 2241 3698 compo.

1248 3711 1436 3780 narentur,
1463 3694 1501 3766 in
1518 3697 1597 3766 aula
1613 3696 1724 3787 priori
1740 3701 1946 3768 mandatum
1963 3703 2042 3774 fuit.
2078 3703 2151 3777 Res
2167 3719 2242 3777 tota

1248 3799 1372 3871 Nobili
1394 3802 1472 3868 viro
1496 3794 1679 3881 Boniceo,
1708 3797 1770 3891 qui
1792 3799 1860 3873 fuit
1882 3797 2123 3890 Camerarius,
2156 3822 2242 3878 nota

1249 3915 1312 3974 est.
1372 3896 1576 3992 Stolbergii
1601 3913 1795 3990 provocant
1820 3901 1864 3969 ad
1889 3901 2028 3971 forense
2054 3919 2241 3982 certamen.

1248 4003 1322 4074 Nos
1343 4001 1481 4092 litigare
1502 4023 1577 4068 non
1601 4023 1805 4091 possumus,
1831 4024 1893 4089 ego
1919 4025 1965 4072 ne
1989 3990 2070 4075 volo
2088 4009 2243 4100 quidem.
2274 4056 2280 4066 .

1248 4105 1431 4176 Laudatur
1445 4094 1654 4196 CephalaS,
1678 4100 1804 4195 Lysiae
1820 4098 1935 4186 Pater,
1962 4128 2041 4174 cum
2059 4108 2122 4177 diu
2130 4106 2243 4181 Rem.

1249 4205 1427 4299 publicam
1441 4203 1769 4272 administrassetad
1786 4225 1920 4273 annum
1935 4207 2058 4276 aetatis
2073 4210 2245 4300 octogesi-

1249 4330 1348 4375 mum
1364 4328 1489 4397 usque,
1515 4304 1610 4395 quod
1627 4325 1810 4395 nunquam
1826 4301 1865 4370 in
1880 4305 1957 4373 foro
1971 4306 2129 4397 litigarit.
2156 4308 2246 4379 Pos-

1251 4430 1330 4475 sum
1357 4406 1400 4472 de
1427 4429 1504 4474 meo
1529 4401 1636 4472 Patre
1663 4417 1696 4472 et
1719 4407 1762 4471 de
1785 4427 1863 4472 meo
1884 4406 1991 4474 fratre
2016 4421 2050 4477 et
2072 4431 2129 4478 me
2150 4411 2244 4480 idem

1251 4507 1464 4600 praedicare.
1517 4498 1725 4587 Gauricus,
1750 4505 1907 4596 inspecto
1929 4501 2083 4578 themate
2097 4506 2246 4583 inchoa-

1251 4607 1360 4681 tionis
1384 4605 1612 4690 Academiae,
1646 4629 1750 4698 quam
1783 4607 1879 4675 scitis
1903 4607 2029 4677 factam
2055 4633 2127 4681 esse
2150 4637 2245 4684 anno

1255 4708 1365 4782 1502.
1389 4706 1496 4791 dixit,
1530 4707 1720 4796 significari
1744 4706 1894 4792 claram,
1925 4711 1984 4778 sed
2010 4735 2084 4781 non
2108 4715 2248 4786 diutur-

1253 4836 1346 4882 nam.
1398 4808 1559 4898 Mitigari
1575 4823 1689 4878 autem
1712 4809 1780 4878 fata
1793 4803 1943 4903 Physica
1967 4814 2114 4883 consilio
2138 4841 2250 4906 posse,

1252 4913 1478 4984 Ptolomaeus
1501 4911 1629 5004 inquit.
1693 4907 1777 4978 ldeo
1803 4924 1836 4979 et
1859 4908 1935 4981 Deo
1958 4927 1993 4982 et
2017 4913 2249 4986 lllustrissimi

1170 5090 1173 5095 ,
1254 5013 1430 5104 Principis
1448 5013 1596 5082 consilio
1614 5008 1840 5080 Academiam
1859 5015 2077 5083 commendo.

1355 5113 1492 5184 Literas
1525 5128 1656 5182 vestras
1684 5111 1839 5180 Domino
1872 5105 2024 5180 Pastori
2055 5123 2250 5205 ostendam,

1257 5217 1336 5312 qui,
1376 5216 1406 5283 si
1437 5239 1498 5304 per
1526 5215 1765 5284 valetudinem
1791 5214 1938 5302 poterit,
1980 5215 2045 5284 iter
2072 5221 2249 5312 suscipiet.

1259 5383 1454 5398 m

1293 5482 1327 5550 5)
1344 5489 1375 5534 tu
1388 5482 1462 5537 abest
1476 5501 1490 5535 a
1506 5483 1568 5535 cod.
1583 5482 1695 5538 Monac.
1710 5482 1752 5537 89.

1442 5550 1539 5626 45”
