4882 6426
338 390 412 465 145
914 372 1345 452 sersaonnnunt
1408 379 1599 463 trux,
1659 382 1794 460 seso.
1983 336 1986 340 ’
2293 390 2370 465 stt

340 577 460 658 genter
483 556 733 652 inquisivimus
754 551 829 623 eius
851 551 1006 622 rationes
1027 549 1068 619 in
1082 547 1210 618 studiis
1224 560 1259 619 et
1273 545 1330 614 vi·
1378 554 1525 625 nominc
1542 557 1671 644 gratias
1685 555 1731 630 R.
1752 556 1797 631 V.
1813 555 1867 632 M.
1880 558 2034 646 agimus,
2060 571 2094 628 et
2114 582 2280 650 rogamus
2325 574 2368 632 ut

342 687 414 782 tarn
442 664 538 742 eius,
564 683 603 728 ae
626 654 881 772 comperimus,
905 654 1021 743 ipsum
1046 650 1224 743 Praeclare
1245 671 1331 739 pro·
1377 678 1484 745 porro
1507 652 1591 725 huic
1607 653 1645 727 Τ
1644 652 1782 752 isychio
1804 660 1938 751 aliquid
1963 660 2104 729 adiiciat
2126 659 2172 733 R.
2191 661 2232 735 V.
2251 615 2368 732 Mirie-

340 773 463 840 lecrsse
487 765 525 830 in
546 763 723 830 bonarum
749 769 879 825 artium
903 756 1049 836 studiis,
1075 752 1206 845 quibus
1228 763 1263 819 et
1286 749 1331 817 ad
1378 756 1476 826 statis
1492 758 1705 843 liberalitas,
1731 765 1826 830 unde
1851 756 1906 828 his
1923 760 1991 851 piis
2006 761 2132 830 studiis
2152 777 2185 832 et
2208 786 2369 834 necessa-

342 863 630 940 vitaehumanae
654 882 777 937 usum,
810 870 844 926 et
860 860 904 926 ad
922 856 1102 925 doctrinae
1116 846 1332 922 christianae
1380 857 1441 925 riis
1458 862 1679 930 commodius
1693 886 1817 930 ,acm
1832 862 1951 952 possit·
2002 860 2121 932 Faciet
2134 861 2294 936 KMV
2328 866 2368 934 in

343 967 670 1082 explicationemet
691 959 978 1050 propagationem
1002 954 1153 1023 maxime
1167 974 1257 1042 opus
1270 964 1332 1022 est.
1380 952 1447 1027 hac
1471 983 1508 1028 re
1531 985 1621 1050 opos
1633 961 1708 1031 Deo
1733 976 1890 1051 gratum,
1912 963 1976 1054 qui
1992 959 2086 1031 haud
2101 966 2208 1033 dubie
2222 917 2369 1058 propter

344 1073 436 1145 Nam
466 1067 575 1134 latina
603 1063 736 1151 lingua·
756 1059 915 1150 expedite
938 1072 972 1127 et
1000 1055 1135 1144 egregie
1157 1055 1273 1122 utitur
1299 1063 1333 1120 el
1379 1073 1512 1129 vestras
1528 1063 1682 1154 reliquas
1699 1065 1848 1132 virtutes
1863 1077 1897 1132 et
1913 1066 2001 1133 tales
2025 1065 2263 1159 eleemosynas
2285 1088 2368 1139 mu-

343 1166 599 1267 graecedidicit
614 1186 653 1231 ea
667 1161 846 1243 facilitate,
862 1172 902 1229 ut
917 1159 955 1226 in
972 1157 1078 1226 sacris
1095 1155 1208 1225 literis
1221 1153 1332 1222 multa
1380 1161 1456 1230 niet
1468 1158 1514 1234 R.
1531 1160 1583 1232 M.
1604 1163 1643 1236 V.
1661 1186 1833 1253 regnum,
1856 1188 1931 1232 non
1952 1165 2069 1233 solum
2086 1188 2168 1256 pace
2185 1182 2218 1236 et
2233 1168 2369 1259 praesi-

345 1285 491 1370 propier
511 1267 588 1337 eius
610 1265 751 1379 lingua}
771 1260 1008 1350 c⁰g¹¹ili0ssem
1031 1256 1160 1326 maiori
1181 1253 1334 1325 dexteri·
1381 1262 1449 1330 diis
1470 1286 1510 1330 ac
1534 1267 1751 1335 ornamentis
1771 1265 1956 1351 civilibus,
1990 1269 2050 1336 sed
2080 1280 2115 1335 et
2136 1268 2284 1339 donabit
2308 1295 2370 1339 co-

344 1390 417 1449 rate
434 1370 591 1441 iudicare
605 1378 641 1434 et
656 1363 827 1454 explicare
844 1362 963 1452 possit.
997 1356 1043 1428 Et
1058 1357 1225 1450 quoniam
1245 1377 1334 1446 opus
1381 1363 1496 1452 pinsas
1512 1364 1653 1434 divitias
1677 1366 1715 1434 in
1733 1366 1798 1434 filii
1812 1367 1867 1435 sui
1881 1367 2031 1447 noticia,
2057 1392 2146 1458 quae
2161 1370 2200 1437 in
2217 1366 2281 1440 hac
2297 1371 2371 1441 vita

345 1489 397 1548 est
422 1473 462 1556 in
482 1469 643 1541 docendo
669 1478 762 1535 recta
784 1463 937 1540 ratione,
964 1475 1000 1529 et
1020 1459 1240 1531 eruditorum
1267 1453 1332 1524 ho-
1381 1464 1545 1535 elsuruffl
1562 1481 1765 1556 perpetuam
1780 1467 2006 1539 foelicitatem
2022 1467 2137 1542 offert·
2184 1468 2291 1558 Quod
2308 1494 2370 1541 w..

346 1578 485 1648 minum
508 1567 767 1659 disputationes
791 1566 835 1632 de
858 1586 977 1632 rerum
1000 1574 1126 1630 natura
1147 1582 1188 1626 ex
1221 1557 1334 1626 causis
1380 1578 1513 1655 petest,
1537 1564 1652 1637 ΒΜ,
1670 1567 2286 1642 ν,ςο,ῃωεῃάἃωυ3ωθωορωί
2302 1574 2370 1642 ὀο-

344 1677 519 1749 virtutum
534 1683 569 1740 et
584 1667 744 1738 civilium
757 1659 1230 1751 officiorumdiligentissime
1251 1680 1333 1745 cog·
1381 1666 1471 1741 mini
1494 1667 1605 1735 „ostri
1629 1667 1708 1739 lesu
1729 1664 1886 1754 Christi,
1917 1684 1957 1738 ut
1977 1685 2145 1761 perpetua
2167 1673 2312 1744 fortuna
2335 1686 2370 1743 et

346 1777 465 1859 novit,
501 1797 541 1842 ac
573 1769 748 1840 eruditam
774 1780 870 1837 tenet
898 1763 1186 1835 distributionem
1213 1783 1251 1828 ac
1280 1781 1334 1826 se·
1381 1767 1512 1835 virtute
1530 1769 1671 1853 floreat,
1705 1771 1800 1862 quod
1824 1782 1865 1839 ut
1883 1770 1944 1839 liat
1963 1795 2150 1861 precamur
2173 1796 2214 1840 ex
2236 1774 2358 1843 animo

347 1871 700 1963 rierntemporumab
716 1869 821 1937 initio
836 1866 1083 1956 mundiusque
1101 1865 1143 1931 ad
1160 1856 1252 1929 hanc
1268 1883 1334 1926 no-
1380 1864 1479 1937 Bene
1503 1870 1618 1939 valeat
1643 1868 1690 1942 R,
1710 1869 1763 1940 M,
1787 1868 1832 1947 v·
1891 1868 2003 1941 napae
2030 1872 2217 1946 wineber
2240 1898 2280 1944 ae
2310 1819 2370 1944 dig

348 1997 455 2052 stram
474 1988 631 2045 aetatem.
673 1968 717 2038 ln
733 1965 1249 2062 quadoctrinasimuluecesse
1268 1960 1334 2029 fuit
1382 1965 1676 2045 24M3111646,
2217 1897 2240 1964 g

303 2142 307 2153 .
348 2105 428 2151 eum
445 2073 631 2167 complecti
654 2070 821 2140 noticiam
837 2066 1057 2160 antiquitatis
1075 2080 1108 2133 et
1126 2061 1332 2131 memoriam

347 2204 467 2253 rerum
497 2192 671 2266 gestarum
692 2173 731 2239 in
762 2170 940 2260 republica
973 2181 1009 2237 et
1032 2167 1069 2234 in
1089 2162 1267 2242 Ecclesia,
1301 2175 1335 2229 et

348 2280 615 2377 praecipuarum
638 2272 874 2342 mutationum
898 2282 932 2338 et
955 2290 1156 2344 causarum,
1191 2276 1335 2354 propter

349 2408 436 2480 quas
452 2379 586 2449 illaein
604 2374 765 2466 Imperiis
780 2385 814 2442 et
829 2372 867 2439 in
880 2367 1034 2440 Ecclesia
1050 2367 1224 2437 accidunt.
1256 2362 1333 2432 Ha·
1380 2334 1578 2466 Q·
2193 2352 2375 2473 Q

348 2509 431 2556 rum
462 2505 582 2550 rerum
610 2476 771 2547 doctrina
803 2495 878 2541 non
907 2472 1022 2540 solnm
1051 2480 1260 2537 ornamento
1282 2477 1335 2533 est

349 2586 461 2676 ipsius
475 2579 637 2670 ingenio,
657 2579 717 2645 sed
741 2575 844 2645 etiam
870 2593 1099 2663 permagnum
1115 2591 1218 2638 usum
1235 2567 1267 2635 ei
1282 2566 1335 2634 af·
1723 2521 2049 2611 Testimonium.

349 2691 417 2759 lert
431 2687 468 2752 in
483 2679 681 2752 iudicandis
695 2676 818 2746 multis
833 2671 1082 2744 controversiis
1097 2693 1186 2761 quae
1207 2671 1245 2736 in
1268 2661 1334 2735 hac
1450 2679 1528 2749 qg,
1547 2678 1704 2752 apographo
1721 2680 1751 2734 tn
1769 2679 1833 2737 cod.
1854 2680 1967 2737 Monac.
1985 2682 2029 2740 90.
2050 2681 2103 2738 No.
2123 2682 2183 2738 vn.
2201 2703 2229 2756 p.
2247 2685 2335 2744 ss9b.

348 2790 421 2856 vita
436 2783 658 2872 dereligione
674 2792 707 2847 et
725 2779 767 2845 de
778 2774 876 2844 omni
887 2771 1126 2862 genereolficii
1141 2768 1334 2840 usuvenire

349 2891 474 2959 solent.
525 2882 710 2954 Accedunt
724 2900 857 2957 mores,
878 2888 917 2945 ut
930 2874 1143 2963 accepimus,
1160 2866 1334 2938 honestis-

346 2989 453 3072 simi,
478 3000 513 3056 et
535 2983 675 3054 animus
696 2977 836 3048 virtutis
852 2991 886 3047 et
900 2975 1037 3065 pietatis
1052 2974 1169 3042 studio
1182 2971 1335 3058 flagran-

348 3091 515 3162 tissimus.
540 3083 630 3154 Nam
647 3103 773 3168 magna
786 3077 989 3146 assiduitate
1005 3088 1038 3143 et
1052 3095 1190 3142 summo
1208 3072 1335 3140 ardore
1383 3052 1526 3144 Petivit
1545 3097 1565 3143 a
1587 3074 1693 3144 nobis
1715 3077 1925 3147 venerabilis
1940 3060 2111 3167 Magister
2125 3076 2285 3155 ladam
2301 3081 2380 3156 Et.

1454 2833 1722 2910 Testimonium
1749 2832 1814 2925 Μ,
1839 2833 2009 2910 lodoci
2033 2837 2299 2932 Eichlaorn,

1722 2935 2016 3014 Arnstadiensis.

349 3183 566 3263 audivithic
587 3193 851 3275 praeceptores,
876 3199 1028 3270 quorum
1050 3175 1217 3243 virtutem
1239 3185 1273 3240 et
1298 3170 1336 3237 in
1384 3171 1518 3254 cham,
1544 3173 1829 3262 Arnstadiensis‚
1854 3180 2097 3250 testimonium
2118 3186 2161 3253 de
2181 3185 2252 3256 vita
2299 3204 2378 3260 stu-

349 3291 449 3364 omni
465 3287 579 3358 officio
596 3282 873 3353 moderationem
889 3300 970 3347 cnm
985 3299 1121 3345 summa
1136 3274 1264 3364 pietate
1280 3295 1337 3340 er·
1384 3278 1453 3346 diis
1476 3290 1511 3346 ct
1523 3279 1636 3366 gradu
1656 3300 1738 3363 suo,
1771 3280 1866 3370 quod
1882 3280 1915 3347 ei
1928 3305 2004 3349 non
2019 3287 2192 3368 gravatim
2207 3241 2378 3361 duiimus

351 3419 392 3485 ga
409 3389 526 3461 Deum
549 3386 795 3465 coniunctam,
822 3380 928 3449 etiarn
942 3401 1061 3446 rerum
1077 3375 1279 3444 divinarum
1304 3387 1334 3441 et
1384 3377 1657 3469 impertiendum
1690 3402 1774 3448 esse.
1835 3379 1933 3450 Vixit
1958 3380 2055 3451 enim
2085 3389 2179 3477 apud
2208 3412 2273 3458 nos
2301 3392 2377 3462 fere

350 3490 533 3582 religionis
551 3487 730 3557 doctrinae
748 3478 958 3552 christianae
968 3471 1005 3572 *)
1021 3477 1149 3547 scimus
1165 3473 1208 3542 V.
1224 3473 1270 3546 R.
1285 3472 1337 3545 Μ.
1384 3478 1589 3550 sexennium
1601 3502 1682 3547 cum
1698 3502 1833 3548 summa
1850 3483 2039 3552 modestiae
2056 3485 2149 3556 fama
2191 3513 2231 3560 ea
2257 3515 2301 3561 ue
2318 3494 2378 3561 di-

338 3594 424 3693 asse
446 3587 665 3661 notissirnem
689 3598 723 3655 et
747 3579 1042 3675 probatissimam.
1100 3574 1219 3664 Quare
1244 3569 1337 3642 nihil
1386 3579 1528 3670 ligantia
1554 3579 1592 3647 in
1614 3579 1760 3664 studiis,
1790 3594 1830 3650 ut
1846 3583 1925 3652 illas
1945 3597 2054 3669 artes,
2079 3542 2207 3679 quilius
2226 3517 2269 3661 :id
2286 3618 2378 3663 con-

349 3696 554 3766 dubitamus
579 3686 759 3758 doctrinae
781 3678 994 3753 christianae
1015 3677 1202 3770 praecipua
1225 3675 1338 3767 capita
1386 3681 1618 3752 servationem
1636 3681 1817 3751 doctrinae
1832 3685 2014 3773 religionis
2031 3701 2065 3756 et
2079 3690 2228 3761 aliarum
2243 3716 2364 3764 rerum

353 3821 435 3867 eum
459 3791 628 3884 exquisite
653 3787 833 3868 didicisse,
859 3804 1009 3873 eumque
1031 3779 1232 3868 cognitione
1246 3800 1338 3846 sern-
1386 3805 1536 3876 quarum
1551 3781 1753 3868 cognitione
1771 3783 1840 3852 vita
1853 3779 2009 3855 humana
2025 3812 2145 3860 carere
2160 3816 2232 3862 non
2247 3748 2379 3884 potest:

351 3923 414 3991 per
429 3898 544 3987 ipsum
557 3893 603 3961 ad
619 3911 740 3958 verum
755 3887 916 3956 timorem
931 3879 1001 3951 Dei
1023 3892 1057 3949 et
1070 3879 1287 3969 agnitionem
1305 3889 1339 3945 et
1386 3884 1519 3975 optime
1533 3881 1717 3966 didicerit,
1742 3882 1810 3966 ita,
1835 3885 1957 3955 utiam
1973 3887 2137 3960 iuventus
2150 3894 2195 3962 ab
2211 3917 2253 3962 eo
2271 3920 2377 3986 prase-

350 4020 507 4070 amorem
528 3993 594 4061 filii
613 3989 697 4072 Dei,
725 3985 863 4056 domini
881 3983 994 4051 nostri
1018 3980 1099 4050 lesu
1123 3975 1258 4050 Christi
1277 4002 1339 4067 pe-
1385 3985 1504 4076 parari
1517 3998 1551 4052 et
1566 3983 1706 4052 institui
1722 3985 1842 4074 possit.
1894 3984 2018 4080 ltaque
2041 3991 2079 4060 in
2095 3966 2229 4065 artibus
2243 3999 2379 4067 docen-

349 4114 426 4168 ctus
442 4119 545 4167 snum
560 4091 773 4168 accendisse,
806 4110 845 4156 ac
862 4080 1053 4154 abhorrere
1067 4104 1147 4149 enm
1160 4082 1205 4149 ab
1221 4079 1338 4148 omni·
1386 4086 1441 4155 dis
1459 4085 1646 4169 diligenter
1662 4108 1698 4152 se
1717 4086 1881 4168 exercuit,
1900 4102 1940 4157 nt
1957 4089 2075 4159 dextre
2092 4107 2126 4163 et
2140 4096 2275 4167 erudite
2291 4122 2379 4189 pos-

348 4205 416 4271 bus
430 4196 591 4267 fanaticis
612 4207 646 4261 el
663 4184 856 4282 prophanis
872 4183 1119 4276 ⁰pini⁰nibuts
1146 4205 1336 4272 quaecum
1385 4188 1432 4255 sit
1454 4184 1627 4274 explicare
1650 4207 1706 4252 res
1728 4186 1833 4255 utiles
1847 4183 2025 4258 Ecclesiae
2048 4206 2081 4262 et
2105 4199 2286 4265 communi
2307 4196 2378 4268 ho-

349 4295 600 4394 prophetarum
626 4306 661 4361 et
682 4288 922 4381 apostolorum
942 4284 1079 4375 scriptis
1095 4307 1134 4353 ac
1149 4305 1250 4352 verae
1268 4277 1338 4350 Ec·
1386 4287 1522 4356 minum
1553 4285 1727 4370 societati,
1759 4301 1794 4355 et
1814 4287 2081 4377 diligentissime
2101 4297 2261 4386 percepit·
2279 4324 2381 4370 com.

349 4403 472 4481 ‘lesia‘
486 4393 623 4469 Chfiffl
638 4412 812 4460 ⁰⁰n⁸e¹¹³¹¹
830 4400 999 4478 Ρῦδῦθῦῑ·
1384 4386 1619 4456 mentationes
1641 4386 1785 4456 usitatas
1808 4384 1937 4458 scholis
1957 4393 2001 4459 de
2026 4418 2144 4463 rerum
2166 4409 2311 4484 natura,
2340 4418 2381 4475 et

444 4515 882 4618 Cumigiturproposuerit
891 4536 926 4583 se
934 4508 1104 4583 nobishic
1114 4537 1192 4583 cum
1202 4513 1338 4603 magur,
1385 4482 1641 4579 pulcherrimas
1661 4486 1741 4556 illas
1761 4503 1796 4557 et
1817 4489 2021 4561 utilissimas
2035 4496 2287 4588 descriptiones
2302 4504 2381 4573 vir.

348 4634 500 4706 miseriis
512 4650 631 4701 amore
642 4616 987 4704 coelestisdoctrinae
997 4615 1188 4685 etaliarum
1198 4617 1338 4698 artium,
1385 4603 1502 4659 lutum
1532 4611 1571 4656 ³⁰
1605 4587 1748 4656 milium
1773 4589 1989 4672 ⁰ffi⁰i⁰r¹1m2
2023 4620 2212 4690 earumque
2242 4625 2379 4686 causas,

349 4737 478 4828 quibus
504 4732 576 4800 vita
599 4722 754 4803 humarm
784 4740 901 4803 carere
932 4739 1006 4784 non
1036 4727 1169 4806 potest,
1200 4716 1337 4798 vixisse,
1386 4712 1476 4782 ‘lua‘
1492 4709 1512 4756 ³
1528 4682 1973 4778 Phss⁰⁸⁰l³hi⁵¹s³d⁰¹¹iflfs
2000 4699 2135 4785 ‘gregi‘
2156 4713 2263 4773 leuel·
2316 4702 2380 4775 Ad

349 4852 548 4927 optaremus
565 4848 645 4896 eum
662 4819 792 4900 habea
809 4818 992 4888 uberiores
1004 4831 1184 4906 sumptus,
1209 4818 1338 4908 quibus
1385 4786 1471 4859 haec
1492 4788 1656 4858 adiunxit
1676 4790 1886 4860 acerrimum
1909 4796 2066 4865 studium
2080 4799 2262 4870 doctrinae
2280 4799 2381 4875 chri-

349 4942 393 5008 ad
411 4937 605 5028 pleniorem
621 4946 725 4994 usum
738 4921 951 5011 reipublicae
963 4915 1187 4987 et‘Ecclesiae
1204 4940 1239 4985 se
1252 4918 1338 4986 din·
1385 4892 1517 5004 stianae
1533 4889 1571 4955 in
1588 4913 1657 4981 qua
1673 4889 1861 4959 discrimen
1887 4893 1973 4982 legis
1989 4911 2022 4966 et
2036 4894 2223 4988 Evangelii
2237 4916 2272 4972 et
2287 4905 2379 4978 alios

350 5040 420 5107 tins
454 5037 492 5102 in
516 5026 706 5101 Academia
736 5023 853 5114 aliqua
881 5041 1090 5110 praeparare
1110 5019 1232 5109 possit.
1289 5014 1337 5086 Et
1384 5013 1590 5081 praecipuos
1608 4990 1704 5058 locos
1721 4991 1768 5058 ita
1782 4992 1969 5082 intelligit,
1995 5011 2035 5066 ut
2047 4995 2123 5067 Deo
2140 5003 2278 5074 volente
2295 5031 2380 5078 cnm

314 5104 316 5108 ι
348 5137 515 5231 quoniam
533 5132 682 5210 scimus,
704 5121 754 5197 R.
771 5121 816 5194 V.
832 5121 884 5194 M.
898 5133 978 5189 ante
994 5119 1184 5188 contulisse
1199 5117 1334 5211 aliquid
1384 5114 1512 5178 m³g¹¹⁰
1529 5090 1646 5159 ffflcffl
1660 5091 1704 5159 de
1718 5092 1761 5160 55⁶
1769 5087 1963 5164 Ecclesiam
1980 5099 2122 5169 erudire
2132 5105 2254 5193 possit,
2275 5130 2381 5199 pm.

349 5234 433 5307 huic
456 5224 629 5327 Thyclrio
651 5231 695 5296 ad
719 5224 851 5307 studia,
885 5246 947 5312 pro
971 5229 1011 5289 eo
1036 5220 1204 5289 beneficio
1226 5219 1336 5311 ipsius
1385 5193 1503 5310 sefllffl
1522 5190 1886 5307 ⁰¹¹³}Pie13535iudf0
1907 5209 2074 5285 ‘imme
2090 5203 2231 5293 flagret,
2247 5230 2288 5276 ac
2304 5209 2381 5282 vita

1386 5305 1488 5361 etiarn
1505 5304 1675 5379 exprimat
1690 5292 1905 5378 doctrinam,
1928 5322 2017 5388 quae
2034 5301 2077 5369 de
2099 5303 2225 5379 timore
2246 5305 2316 5378 Dei
2343 5328 2382 5384 et

353 5437 567 5458 ’.ὸ-ψ·-
728 5399 734 5411 ’
1073 5389 1081 5403 ”
1385 5392 1591 5509 remissione
1615 5407 1837 5479 peccatorum
1860 5412 2006 5488 propter
2020 5395 2203 5477 Christum
2226 5413 2383 5498 gratuita

383 5546 409 5612 ⁸)
427 5539 606 5597 Desideratus
624 5533 775 5589 setensium
795 5528 837 5583 vet
857 5525 957 5582 simite.
1388 5496 1490 5564 nobis
1512 5515 1583 5637 per⁸
1593 5487 1782 5583 prophetas
1803 5509 1836 5566 et
1861 5501 2054 5589 apostolos,
2081 5506 2239 5602 aliosque
2253 5511 2383 5585 docto·
