4882 6426
195 314 277 389 tto
792 303 1227 395 ttatsrotaatttt
1275 304 1471 445 Llexl‘
1524 304 1660 395 1640.
2162 323 2240 401 774

196 503 287 559 stros
307 486 346 556 in
370 508 519 558 messem
544 505 643 555 suam
666 485 846 559 extrudat:
880 487 971 559 sicut
993 508 1058 555 nos
1076 497 1193 576 petere
1243 478 1318 552 ciis.
1371 478 1489 552 Semel
1514 479 1636 574 perfici
1662 478 1763 571 talia]
1781 505 1857 555 non
1881 501 2038 577 possunt
2089 487 2158 563 Sed
2184 509 2238 566 te·

195 589 290 658 filius
305 585 372 658 Dei
389 588 501 662 iussit.
542 583 616 656 Nos
633 587 739 658 etiam
755 589 976 659 conferamus
992 587 1140 658 consilia
1154 587 1193 656 in
1242 605 1325 651 men
1352 582 1458 653 leniri
1487 597 1644 674 tempore
1669 599 1703 656 et
1724 587 1968 658 moderatione
1992 602 2111 662 nostra
2136 618 2237 684 posse

198 689 409 782 quaerendis
434 687 572 758 idoneis
596 688 701 774 viris,
733 690 796 782 qui
820 704 854 761 et
878 689 1075 759 doctrinam
1099 701 1193 757 recte
1242 685 1352 754 multa
1369 708 1484 775 spero.
1534 683 1639 756 Nunc
1655 687 1741 779 (prid
1758 688 1915 758 facturus
1938 690 2003 775 sis,
2027 704 2142 762 tecum
2158 696 2233 789 ipse

196 803 361 875 teneant,
387 803 421 860 et
444 787 595 858 modesti
608 788 689 860 sint.
742 788 862 878 Quare
876 815 956 860 eum
973 792 1017 858 ad
1037 813 1092 858 me
1108 788 1193 858 scri·
1241 786 1412 858 delibera.
2090 784 2094 793 '
2179 817 2186 824 ·

196 892 322 981 psisset
344 891 399 958 vir
422 892 644 960 venerandus
665 904 784 981 pastor
798 888 976 960 Ecclesiae
992 889 1059 960 Dei
1075 889 1112 957 in
1128 914 1193 981 op·
1344 883 1399 956 De
1416 882 1554 955 Dania
1578 898 1693 956 totum
1716 886 1905 956 consilium
1926 888 2102 982 improbo.
2152 893 2231 968 Etsi

196 993 282 1082 pido
299 983 451 1070 Oschitz
468 983 521 1082 *)‚
547 991 586 1059 in
598 987 755 1061 Ecclesia
771 1005 832 1063 tua
846 992 1036 1062 diaconum
1054 990 1193 1060 deside·
1241 986 1337 1054 enim
1353 984 1431 1058 Rex
1446 1000 1479 1058 te
1493 981 1688 1056 honorifice
1702 988 1884 1073 tractabit,
1910 1003 2028 1061 tamen
2043 1017 2107 1064 nec
2129 997 2234 1067 lami-

196 1093 287 1161 rari:
312 1116 351 1159 ac
367 1092 547 1183 petivisset
560 1091 709 1159 indicari
726 1094 833 1162 talem
850 1092 979 1175 virum,
994 1090 1093 1161 cuius
1110 1115 1193 1159 eru·
1240 1086 1289 1156 tia
1305 1101 1376 1157 tam
1394 1088 1519 1179 procul
1536 1087 1665 1157 abduci
1682 1100 1816 1176 potest,
1839 1113 1904 1158 nec
1919 1104 1959 1160 tu
1974 1094 2093 1164 abesse
2118 1119 2138 1164 a
2163 1100 2232 1169 tuis

196 1192 369 1262 ditionem
400 1206 433 1263 et
454 1214 570 1261 mores
597 1193 800 1282 probarem:
821 1192 922 1261 misi
943 1192 987 1260 ad
1010 1213 1073 1260 vos
1092 1188 1192 1261 bunc
1241 1188 1384 1278 poteris.
1435 1187 1484 1258 Et
1499 1212 1601 1280 spero
1617 1203 1651 1258 te
1668 1189 1888 1258 commodius
1911 1191 1969 1259 vel
1990 1194 2030 1263 in
2046 1191 2100 1265 bis
2115 1201 2231 1286 regio·

196 1286 415 1388 Philippum
440 1287 750 1386 Salzungensem,
786 1293 984 1365 auditorem
1017 1305 1192 1376 nostrum,
1239 1289 1367 1373 nibus,
1398 1291 1453 1359 vel
1477 1291 1541 1360 ubi
1564 1312 1660 1358 nunc
1683 1312 1739 1373 es,
1770 1312 1870 1379 posse
1891 1289 2021 1365 vivere.
2082 1296 2170 1367 Sum
2196 1315 2231 1373 et

197 1418 302 1487 quem
327 1418 427 1485 saepe
449 1394 570 1462 audivi
594 1395 633 1463 in
656 1390 797 1469 scholis.
844 1392 1051 1466 Doctrinam
1069 1389 1193 1462 Eccle-
1240 1388 1367 1479 ipsein
1384 1387 1712 1472 Daniamvocatus,
1738 1391 1958 1461 sedmenon
1978 1419 2076 1465 meae
2096 1399 2233 1471 utilita-

198 1497 269 1564 siae
283 1510 375 1564 recte
390 1494 530 1579 didicit,
558 1508 591 1564 et
606 1520 721 1565 mores
736 1497 810 1566 eius
828 1510 911 1566 sunt
925 1493 1087 1566 modesti.
1121 1492 1191 1562 Sed
1239 1489 1284 1559 tis
1300 1490 1423 1581 opinio
1439 1486 1608 1562 hactenus
1631 1489 1795 1575 retinnit,
1828 1506 1862 1561 et
1884 1495 2035 1582 patriam
2057 1499 2231 1588 proficisci

196 1611 312 1668 tamen
343 1608 459 1664 vestro
489 1595 622 1666 iudicio
655 1611 689 1667 et
720 1598 867 1667 arbitrio
890 1599 934 1666 de
958 1620 1001 1665 eo
1020 1594 1189 1669 statuetis.
1239 1602 1409 1682 poteram.
1459 1589 1614 1662 Rectius
1628 1604 1746 1661 autem
1769 1615 1841 1660 esse
1858 1592 2033 1680 iudicavi,
2066 1622 2140 1667 non
2158 1603 2231 1670 dis-

194 1695 284 1765 Nam
308 1719 372 1785 ego
396 1721 469 1766 non
485 1699 566 1789 plus
581 1694 671 1767 mihi
687 1722 787 1767 sumo
807 1722 913 1792 quam
929 1699 1039 1767 dccet.
1089 1693 1190 1765 Tan·
1239 1693 1361 1760 cedere
1392 1690 1437 1760 ab
1470 1687 1536 1761 hac
1558 1689 1716 1762 Ecclesia
1738 1705 1771 1761 et
1799 1687 1919 1767 schola
1944 1694 1984 1763 in
2011 1710 2108 1767 tanto
2134 1703 2230 1771 orbis

194 1811 270 1868 tum
294 1796 453 1867 indicare
476 1800 615 1890 aliquos
630 1811 780 1888 ‘rogatus
797 1799 911 1883 soleo,
940 1799 1119 1869 etaddere
1138 1811 1191 1867 te-
1239 1804 1413 1862 terrarum
1436 1793 1610 1878 tumultu,
1643 1817 1723 1863 cum
1751 1807 1971 1883 expectemus
1993 1796 2087 1878 fore,
2121 1815 2160 1870 ut
2186 1805 2229 1873 de

195 1898 374 1968 stimonia.
411 1892 590 1976 aeneum
607 1925 685 1986 oro,
709 1914 750 1971 ut
764 1899 897 1992 ubique
913 1896 1088 1969 Ecclesiae
1104 1922 1190 1985 pro·
1239 1893 1400 1963 doctrina
1414 1894 1587 1963 rationem
1602 1896 1750 1964 reddere
1765 1895 1961 1973 iubeamur.
2006 1893 2056 1967 Et
2070 1898 2228 1989 Collegae

195 2010 306 2086 tegat,
339 2012 453 2069 servet
476 2023 516 2068 ac
536 2014 642 2090 regat.
693 1998 790 2070 Bene
814 2001 912 2090 vale,
944 1994 1053 2070 Anno
1079 1997 1191 2072 1547.
1238 1993 1527 2064 desererenolui·
1579 1992 1721 2065 Crebris
1744 1995 1857 2064 literis
1880 1991 1997 2065 adhuc
2023 1997 2061 2065 in
2079 2005 2228 2092 patriam

110 2114 116 2125 ’
199 2094 354 2194 [1548]
1237 2118 1364 2173 vocor,
1389 2096 1450 2162 sed
1473 2096 1502 2162 si
1526 2118 1604 2163 mea
1627 2106 1734 2187 opera
1760 2097 1924 2185 prodesse
1947 2099 1991 2165 ad
2016 2093 2083 2170 boc
2104 2117 2229 2192 potest,

1238 2195 1333 2265 utin
1346 2190 1514 2264 Ecclesiis
1533 2208 1673 2265 maneat
1696 2219 1764 2264 vox
1788 2199 1911 2266 eadem
1937 2197 1973 2265 in
1998 2194 2053 2268 bis
2075 2204 2229 2291 regioni-

1238 2297 1325 2380 bus,
1349 2298 1510 2364 nondum
1534 2297 1722 2369 discedam.
1767 2276 1859 2368 biics
1882 2293 2142 2421 ἐξομολόγησιν
2164 2309 2229 2398 τῆς

205 2495 272 2565 Νο.
288 2432 401 2568 4115.

198 2593 410 2633 Μ
470 2645 473 2661 Ι

1168 2547 1176 2563 .
1194 2557 1208 2567 ,
1238 2501 1331 2569 σιῶν
1345 2495 1385 2568 ἐν
1400 2488 1552 2578 ταίυταις
1561 2490 1703 2592 χώραις
1719 2497 1859 2567 abiicio.
1908 2498 2013 2568 Nunc
2026 2504 2167 2591 publice
2188 2507 2228 2576 in

1238 2593 1428 2667 Academia
1444 2599 1545 2669 trado
1563 2599 1809 2670 refutationem
1827 2622 1988 2668 errorum
2012 2606 2076 2694 τῆς
2096 2604 2133 2677 ἐι
2149 2631 2228 2701 τρι-

1238 2692 1326 2790 αίνῃ
1345 2693 1519 2771 συνόδου.
1570 2699 1624 2770 De
1638 2698 1826 2771 Conventu
1839 2704 2046 2788 Augustano
2068 2729 2164 2775 nunc
2179 2708 2226 2777 si-

1238 2799 1390 2869 lentium
1414 2815 1477 2871 est.
1535 2800 1605 2872 Sed
1627 2802 1748 2884 aiunt,
1787 2796 1855 2872 τὸν
1878 2795 2136 2898 αὐτοκράτορα
2160 2809 2228 2878 ali·

1239 2914 1373 2992 quanto
1387 2916 1483 2993 post,
1508 2903 1648 2989 nescio,
1672 2925 1762 2996 quae
1779 2903 1934 2988 decreta,
1961 2907 2227 2996 propositurum

1239 3024 1324 3074 esse.
1374 3001 1427 3072 De
1446 3003 1518 3071 filio
1536 2997 1636 3070 Iona
1654 3004 1743 3073 bene
1757 3025 1896 3091 sperare
1911 3018 1944 3075 te
1959 3006 2059 3091 volo,
2086 3022 2120 3077 et
2143 3010 2241 3101 quia.

718 3164 723 3174 ,
1237 3102 1407 3192 scriptum
1440 3116 1511 3185 est,
1542 3103 1763 3191 'generationi
1791 3119 1966 3175 rectorum
1992 3107 2229 3196 benedicetur,

194 3169 237 3261 S.
259 3188 306 3262 D.
354 3187 474 3258 Hodie
489 3209 594 3257 mane
609 3209 688 3255 cum
711 3198 855 3255 vocatus
875 3205 985 3253 essem
1009 3179 1101 3278 πρὸς
1120 3182 1189 3259 τὸν
1237 3214 1271 3271 et
1293 3203 1377 3297 quia
1402 3204 1441 3271 in
1465 3203 1541 3294 ipso
1567 3205 1705 3274 indoles
1728 3205 1906 3293 praeclara
1930 3220 1992 3276 est.
2051 3205 2104 3278 Ea
2131 3235 2256 3296 vero,-

193 3284 359 3388 aycadrus
378 3282 656 3383 Mavdi²l⁰²¹¹ls
682 3288 746 3357 0¹⁵5
769 3290 813 3356 (¹⁸
833 3285 913 3356 ³¹5⁸
933 3286 1088 3373 ”⁸8⁰5ss
1108 3309 1188 3376 dm·
1236 3327 1326 3396 quae
1351 3306 1607 3388 desideramus,
1631 3319 1724 3375 aetas
1746 3305 1907 3393 corriget.
1960 3305 2008 3379 Et
2033 3310 2070 3376 in
2096 3309 2228 3398 Gallia,

193 3393 347 3462 cissimis
365 3391 639 3463 deliberationes
656 3404 773 3473 erant,
802 3403 921 3458 tamen
938 3398 971 3454 et
992 3401 1072 3457 tuae
1096 3389 1186 3478 peti·
1235 3404 1408 3488 arbitror,
1447 3405 1676 3476 inventurum
1711 3406 1848 3488 autam,
1889 3407 1927 3474 in
1957 3433 2026 3500 qua
2058 3409 2137 3480 sine
2162 3426 2225 3483 100

194 3494 303 3563 tionis
316 3492 532 3561 mentionem
546 3491 616 3558 feci
637 3490 713 3578 51¹⁵!
721 3541 731 3570 s
756 3488 806 3555 3ἷο
821 3488 917 3554 essim
943 3502 1129 3556 mserum
1151 3487 1187 3559 ⁰3
1236 3518 1378 3594 sumptu
1392 3505 1497 3575 vivat.
1549 3504 1657 3574 Plura
1674 3508 1881 3591 scriberem,
1908 3508 1937 3575 si
1953 3510 2033 3598 plus
2049 3511 2113 3579 otii
2139 3536 2224 3586 esse.

196 3585 493 3686 συμβθϋδέυῒαὶι
540 3601 583 3656 ut
614 3589 691 3703 59⁸⁰·
714 3581 783 3655 ¹¹⁰⁰
818 3584 1004 3702 mquum
1035 3608 1185 3674 agerem·
1236 3601 1337 3673 Tuus
1360 3606 1511 3674 nuncius
1533 3607 1575 3673 ad
1602 3631 1659 3673 me
1679 3601 1846 3696 Torgam
1870 3608 2037 3677 venitdie
2056 3607 2223 3682 lobannis

194 3691 310 3763 oravi
326 3690 499 3782 Primum,
514 3701 555 3758 ul
567 3686 780 3765 0fff³¹1⁸¹⁰1tes
792 3709 833 3755 ⁰¹
850 3710 970 3755 ²¹¹¹¹ffl0
987 3688 1137 3771 deleret,
1153 3702 1187 3759 θῑ
1234 3698 1488 3792 Evangelistae.
1540 3703 1748 3776 Dimittetur
1761 3719 1913 3776 autema
1936 3733 1991 3778 me
2012 3710 2165 3801 primum
2189 3717 2226 3784 d.

195 3786 523 3886 oietvao‘ciotctveteri
533 3790 692 3880 exemplo
702 3787 864 3873 sanciret,
876 3787 1006 3857 deinde
1017 3789 1187 3859 utliteras
1235 3803 1271 3878 8,
1295 3803 1368 3879 lan,
1422 3803 1601 3874 viaticum
1619 3807 1653 3876 ei
1678 3807 1761 3876 dedi
1786 3807 1905 3876 decem
1927 3830 2075 3898 grossos.
2128 3812 2225 3885 Bene

195 3896 261 3966 tibi
278 3898 377 3965 daret
392 3894 475 3986 pub.
490 3890 581 3964 fidei.
613 3889 832 3981 Respondit,
857 3885 1003 3970 †multa
1016 3890 1086 3959 sibi
1099 3914 1185 3960 con-

593 2711 795 2799 Lhme

261 2881 346 2955 Epist.
363 2880 414 2936 lib.
426 2881 462 2934 V·
481 2900 509 2954 p·
521 2883 557 2938 20
566 2900 627 2955 sqq·

528 3030 667 3107 Iusto
692 3033 854 3110 Ionae.

1238 2390 1497 2479 διδασκαλίας,
1531 2394 1616 2468 οὔτε
1645 2392 1776 2468 ἐλπίδα
1806 2401 1872 2490 τῆς
1900 2419 2081 2494 σωτηριας
2103 2403 2228 2497 deceta.
2324 2451 2325 2455 ι

195 3997 313 4067 vitiae
329 3996 398 4064 fide
414 3992 530 4083 dignis
547 4005 687 4060 narrata
703 4015 796 4075 esse,
821 3990 880 4059 sed
891 3987 946 4084 ¹¹²)
962 3993 990 4059 si
1007 3991 1184 4081 intellige-

196 4113 268 4181 ret,
308 4111 343 4165 te
365 4095 530 4185 deinceps
550 4094 763 4163 omissurum
788 4085 963 4172 τοιαύτας
986 4087 1182 4187 λοιδορίας,

197 4225 233 4269 se
249 4220 390 4291 quoque
409 4219 510 4287 posse
534 4195 719 4285 praeterita
742 4194 922 4279 oblivisci,
948 4218 988 4264 ae
1011 4217 1077 4263 nos
1101 4220 1184 4264 rur·

198 4324 257 4371 sus
269 4309 386 4388 petere
400 4319 523 4388 posse„
563 4294 676 4363 Narro
692 4295 890 4386 simpliciss.
913 4298 1010 4387 quod
1035 4318 1184 4388 respon-

196 4425 275 4471 sum
297 4410 357 4470 est.
423 4396 547 4465 Postea
569 4396 673 4464 etiam
697 4420 777 4465 cum
800 4396 862 4480 iis,
895 4397 958 4488 qui
982 4398 1184 4478 adsuerunt,

196 4503 391 4571 collocutus
410 4520 505 4580 stam,
532 4496 592 4590 qni
610 4496 675 4566 titt
698 4498 789 4591 bene
810 4498 947 4566 volunt.
998 4494 1066 4565 His
1090 4499 1184 4568 idem

197 4605 399 4679 videbatur,
422 4590 521 4690 'quod
542 4593 648 4680 mibi,
674 4621 795 4668 rursus
820 4611 861 4668 nt
881 4611 1083 4668 reverenter
1099 4601 1185 4669 scri·

197 4708 296 4773 beres
311 4698 402 4798 πρὸς
417 4697 486 4771 τὸν
500 4693 676 4797 ἡγεμόνα.
727 4697 797 4768 Eas
817 4699 935 4784 literas
953 4713 987 4769 et
1000 4693 1186 4770 Ascanids

197 4806 329 4887 mittet,
353 4817 387 4872 et
404 4826 489 4890 ego,
516 4803 644 4870 nostris
661 4800 846 4898 adiunctis.
898 4798 994 4870 Mihi
1018 4826 1082 4872 nec
1103 4803 1187 4872 dili-

196 4905 331 4992 gentia,
357 4929 420 4973 nec
437 4905 521 4972 fides
539 4904 669 4988 deluit,
696 4927 759 4971 nec
783 4902 896 4970 deerit
920 4903 958 4968 in
983 4904 1053 4974 tuis
1078 4928 1187 4995 nego·

192 5094 400 5106 ———-————

231 5215 260 5280 ’)
280 5213 337 5267 imo
355 5213 487 5267 Osebotz.
524 5212 587 5265 Vid.
603 5231 646 5282 ep.
660 5210 702 5266 ad.
715 5209 834 5264 Eberum
848 5210 875 5264 d.
892 5209 920 5263 8.
934 5210 988 5262 lan.

231 5304 257 5366 1)
278 5299 339 5352 Vid.
353 5300 459 5368 epistol.
473 5298 504 5351 ad
518 5297 636 5349 Ebernm
653 5298 678 5353 d.
692 5297 735 5349 28.
747 5297 815 5352 [lec.
834 5296 901 5351 1547
913 5295 1056 5368 scriptam,
1074 5305 1100 5349 et
1113 5296 1190 5367 epist.
1203 5315 1205 5318 ·

266 5370 299 5422 ad
314 5368 485 5438 Meienburg.
500 5370 524 5420 d.
540 5367 584 5418 85.
600 5366 683 5422 Mart.
701 5365 777 5418 1548.

229 5455 257 5522 2)
277 5454 349 5508 ttaee
364 5451 437 5507 addit
452 5452 486 5504 A.
501 5448 537 5503 D.

1235 3906 1322 3989 nale.
1371 3904 1438 3976 Die
1462 3906 1495 3975 8.
1511 3905 1585 3978 lan.

1748 4036 1936 4134 Philippus
1955 4043 2177 4122 Melanthon.

1233 4456 1431 4583 Q.

1959 4422 1964 4430 ἢ
2115 4483 2147 4544 8.
2162 4475 2225 4542 Ian.

2098 4569 2226 4596 Μ

1514 4661 1640 4749 Euat.
1660 4691 1688 4743 α
1707 4658 1946 4750 Schlieben.
2062 4702 2066 4709 ·

1304 4835 1538 4917 †Et·apograpbo
1551 4834 1578 4886 in
1594 4835 1656 4889 cod.
1670 4834 1781 4891 Monac.
1794 4837 1838 4890 88.
1851 4857 1894 4890 ιιι.
1910 4837 1958 4893 lv,
1971 4856 2000 4910 p.
2015 4839 2078 4899 281,
2097 4872 2135 4915 -Ι
2159 4846 2228 4914 (Ne.

1339 4924 1396 4960 scto
1410 4926 1444 4958 an
1460 4923 1519 4957 vere
1535 4905 1568 4957 sit
1581 4905 1765 4958 Melantbonis
1779 4905 1920 4977 epistolae?

1443 5055 1711 5131 Eustochio
1750 5061 1791 5158 (a
1818 5058 2030 5156 Schliebcn)
2120 5050 2128 5057 ⁰

1240 5194 1283 5284 S·
1311 5213 1354 5284 D.
1380 5210 1449 5280 Vir
1464 5211 1596 5280 nobilis
1610 5225 1645 5280 et
1659 5212 1868 5296 clarissime,
1895 5236 1935 5280 ac
1955 5226 2101 5302 patrone
2125 5222 2233 5290 caris-

1243 5317 1341 5384 sime.
1390 5312 1521 5403 Qnisit
1537 5325 1645 5381 status
1662 5312 1892 5401 reipublicae,
1920 5338 1988 5405 qua
2004 5331 2102 5406 parte
2126 5343 2144 5388 a
2166 5348 2232 5412 po-

1246 5416 1352 5487 liticis
1364 5414 1453 5506 ⁴viris
1470 5427 1503 5481 et
1518 5414 1814 5501 gubernatoribus
1836 5427 1932 5505 petat
1953 5416 2144 5505 auxilium,
2170 5449 2232 5493 vos

1394 5507 1475 5582 49*
