4882 6426
821 340 1094 419 ANNALES
1126 338 1310 417 vlunt:
1342 337 1492 423 Mul..
1524 339 1654 465 tter.

261 499 322 623 25:
358 543 551 613 Burmannus
566 550 712 636 Archiep.
729 550 839 617 Colon.
854 575 886 615 aa
900 557 1075 637 episcopatu
1091 552 1217 616 abdicat.

310 719 318 735 ,
353 662 785 733 l1e1.esrsdhucserveme'.

284 834 318 957 5.
350 879 420 946 Rex
432 879 549 947 Daciae
565 889 638 953 200
655 880 853 948 loachimicos
868 886 949 948 dono
966 891 1086 951 miserat
1101 884 1312 969 Bugenhegio,
1329 876 1459 945 Lutheri
1473 883 1580 946 viduae
1594 893 1624 944 et
1640 877 1840 964 Melanthoui,
1864 905 1919 968 pro
1934 884 2044 969 quibua
2057 877 2130 951 ttet.
2146 890 2253 969 gratias

399 988 462 1067 egit
478 998 509 1047 et
525 987 680 1048 historiam
697 990 769 1049 belli
784 1001 892 1052 narrat.

348 1096 406 1161 llis
424 1101 488 1162 fere
507 1102 613 1165 diebus
635 1115 680 1165 eat
695 1100 923 1186 Wittebergae,
948 1105 1002 1165 ubi
1021 1105 1139 1185 scripsit
1155 1102 1193 1164 ad
1211 1097 1356 1165 loannem
1370 1099 1557 1165 Frideriourn
1570 1096 1741 1163 Electorem
1754 1121 1884 1187 eumque
1898 1101 2074 1189 admonuit,
2099 1117 2134 1170 ut
2146 1125 2251 1189 pacem

399 1201 520 1265 iaceret.
570 1202 617 1283 (V
618 1204 662 1265 id.
679 1205 773 1287 epse.
791 1211 847 1273 18.
863 1205 950 1268 Febr.
968 1205 1006 1266 ad
1023 1201 1134 1287 Georg.
1152 1201 1298 1284 Anhalt.)
1321 1233 1373 1250 -
1423 1200 1526 1267 Rediit
1540 1200 1719 1267 serverum.

256 1326 312 1388 17.
345 1313 482 1380 Vocatur
497 1314 571 1381 Mel.
586 1340 603 1380 a
619 1315 775 1383 lonchimo
789 1325 926 1405 principa
942 1320 1069 1384 Anhalt.
1085 1324 1119 1382 in
1133 1321 1281 1404 oppidum
1296 1316 1431 1382 Ko‘then.
1481 1317 1616 1385 Pertexit
1629 1322 1767 1382 ultimam
1783 1332 1898 1403 partem
1911 1317 2089 1385 dialectices.

255 1443 311 1504 19.
344 1431 474 1499 Seruatus
488 1432 747 1519 Norimbergensls
764 1435 953 1502 lletrnthcnt
969 1453 998 1501 et
1013 1435 1183 1501 camerario
1198 1444 1307 1503 iterum
1321 1438 1489 1521 hospitium
1504 1439 1660 1500 obtulerat.

252 1560 311 1622 23.
343 1549 414 1612 liet.
431 1556 539 1633 gratias
553 1559 615 1636 ugit
629 1552 754 1617 Senatui
767 1552 1022 1635 Norimbergeuai.

249 1675 307 1737 2.6
344 1663 601 1750 MoritnrAnnu,
626 1669 794 1749 tutemet,
820 1667 1037 1750 uxorSabini‚
1061 1669 1267 1755 Regiomonti.

299 1934 305 1948 .
342 1881 482 1968 Princeps
498 1881 621 1949 Elector
635 1891 738 1966 iubet,
764 1901 798 1950 ut
814 1883 994 1952 Academiae
1009 1877 1172 1983 doctores
1161 1904 1271 1954 starum
1286 1885 1406 1949 redeant
1421 1882 1644 1968 Wittebergarn
1658 1897 1689 1947 et
1702 1882 1838 1948 doceam

274 2014 306 2074 2.
339 1998 443 2064 Sabini
459 2007 538 2082 tute,
565 2006 645 2086 apud
661 2003 886 2067 Melanthonem
901 2017 1031 2084 versate,
1059 2006 1136 2069 iebrr
1148 2011 1272 2071 laborat

273 2129 306 2190 3.
339 2115 499 2182 Decretum
513 2121 624 2202 cynodi
637 2118 830 2183 Tridentinae
845 2124 883 2185 de
895 2120 1104 2189 sacramentis.

340 2233 483 2318 Princeps
500 2235 620 2298 Elector
634 2242 736 2319 copias
750 2235 870 2301 Alberti
884 2238 1068 2303 Marchicnis
1083 2242 1121 2304 ad
1135 2240 1283 2324 oppidum
1298 2235 1441 2302 Rochlitz
1456 2239 1489 2299 in
1504 2234 1607 2316 lugam
1622 2234 1755 2295 coniicit.
1806 2226 1950 2295 Albertus
1962 2239 2086 2317 capitur.

269 2359 302 2418 7.
337 2351 505 2415 Absolutus
520 2366 564 2416 est
579 2356 656 2415 liber
671 2350 768 2415 Menti
781 2366 838 2421 orn
856 2356 906 2422 ter
920 2353 1090 2438 Plotinam
1097 2403 1108 2439 ,
1131 2380 1223 2443 quem
1237 2352 1364 2418 loannes
1377 2352 1537 2434 Marcellus
1551 2352 1584 2411 in
1600 2352 1735 2431 linguam
1749 2349 1873 2410 utinm
1888 2352 1987 2413 vertit.
2013 2381 2064 2402 -
2100 2346 2237 2417 Scribere

384 2457 540 2516 coustituit
553 2456 692 2517 adverurs
709 2456 861 2519 decretum
876 2461 998 2520 concilii
1013 2457 1184 2522 Tridentini
1198 2460 1236 2521 de
1250 2459 1470 2521 iusuficrricne.

246 2579 301 2639 18.
334 2569 406 2633 Mel.
424 2574 548 2633 nomine
563 2559 743 2634 Academiae
758 2576 921 2655 gratulatur
937 2571 1073 2659 Principi
1088 2574 1221 2639 Electorl
1238 2575 1276 2637 de
1290 2576 1417 2636 victoria
1430 2572 1460 2634 d.
1478 2575 1511 2638 8.
1526 2563 1628 2630 Martii
1644 2574 1803 2646 reportate.

246 2696 300 2760 15.
335 2684 457 2770 Accipit
472 2691 631 2769 epistolam
644 2687 764 2751 Alberti
781 2686 878 2752 Ducis
894 2691 931 2752 de
945 2694 1051 2754 morbo
1067 2689 1195 2771 Annae,
1214 2696 1292 2755 filiae
1311 2711 1391 2753 suaa

291 2853 299 2870 .
333 2800 404 2868 Mel.
421 2808 540 2867 scribit:
573 2804 683 2884 „Sunt
697 2808 748 2869 hic
762 2811 910 2894 μαργίται
925 2794 1263 2900 [Braudenburgenses]
1282 2807 1422 2892 quidam,
1447 2817 1577 2887 quorum
1591 2796 1733 2860 vindeuti
1747 2798 2131 2868 sunturmonaredrermr
2146 2802 2232 2869 not.'’

240 2931 298 2993 23.
331 2920 465 2985 Vocatus
479 2937 572 2985 erata
588 2916 744 2984 lonchimo
760 2919 876 2984 March.
891 2921 1029 2986 Electore
1043 2928 1076 2985 in
1092 2921 1287 2989 Academiam
1302 2919 1596 2985 Francoicrdianam.

239 3046 297 3109 26.
330 3036 497 3103 Exonditur
512 3022 611 3101 adhuc
626 3039 778 3101 dialectice
792 3060 810 3100 a
824 3035 955 3123 Iosepho
970 3038 1067 3123 Klug.

328 3153 460 3240 Georgio
473 3155 642 3220 Anhaltino
657 3158 750 3217 mittit
765 3159 1003 3221 conciunculam.

236 3279 294 3341 27.
328 3274 449 3356 Accipit
460 3278 606 3336 nuncium
619 3274 656 3334 de
670 3284 767 3335 morte
782 3271 902 3354 Annae,
922 3278 1010 3339 filiae.

235 3395 295 3455 81.
328 3391 526 3471 franciscus,
553 3387 668 3454 Galliae
685 3413 757 3468 rex,
780 3395 917 3453 moritur.

260 3614 293 3676 2.
326 3598 456 3671 Ioanned
467 3606 608 3683 Stigrliur
622 3589 824 3668 commoratur
839 3603 1006 3670 Eriordiae.

326 3725 512 3787 Camerarius
527 3727 725 3807 proficiscitur
741 3726 773 3783 in
789 3720 813 3783 F
814 3727 995 3786 maeoniam.

259 3844 293 3908 ⁶.
326 3842 411 3906 Uxor
423 3840 627 3905 dlalanthonir
643 3842 757 3900 niceto
779 3841 903 3902 laboret.
1612 3913 1615 3921 Ι

327 3957 370 4023 Ιο.
386 3959 532 4042 Agricola
547 3959 730 4019 contumelia
746 3957 856 4017 aillixit
872 3952 1040 4038 Georgium
1053 3950 1276 4028 Anhaltinum,
1301 3948 1428 4031 epistole
1443 3948 1563 4030 publice
1578 3942 1667 4006 edita.

256 4081 288 4142 6.
324 4077 397 4141 Mel.
412 4089 499 4158 rogat
514 4071 680 4151 Sabinum,
707 4086 742 4135 ut
756 4076 842 4162 liberi
855 4071 965 4135 Annae
984 4092 1087 4132 omnes
1110 4068 1219 4151 (iliam
1232 4070 1291 4127 iam
1309 4085 1409 4127 secum
1425 4063 1568 4144 habebat)
1593 4062 1649 4124 sibi
1663 4058 1808 4121 mitratur.

324 4192 515 4257 Conveniunt
527 4188 624 4272 Egrae
640 4186 765 4270 Caesar,
790 4185 1096 4266 laterculorum,
1120 4199 1150 4250 et
1164 4185 1324 4250 Mauritius
1340 4178 1425 4245 Dux.

256 4313 287 4374 8.
321 4309 394 4373 Mel.
408 4313 501 4371 mittit
514 4313 611 4390 capita
625 4311 884 4386 consolationum,
908 4321 944 4371 ut
958 4306 1091 4370 edantur.

232 4430 287 4492 10.
321 4428 416 4492 dlittit
433 4425 584 4490 Paulinum
599 4447 660 4488 aee
674 4424 799 4485 editum.

233 4548 289 4610 17·
321 4543 467 4609 Indicitur
483 4547 590 4606 electio
606 4540 745 4604 Rectoris
761 4538 957 4605 Academiae.

279 4708 287 4725 .
320 4663 454 4729 Caesaris
469 4664 616 4722 exercitus
633 4670 676 4720 est
692 4677 787 4739 prope
802 4655 960 4720 Muenam.

229 4782 286 4845 24.
322 4780 454 4843 Caesaris
468 4780 615 4840 exercitus
628 4772 736 4836 Albim
750 4787 880 4858 superat.
933 4769 1055 4835 loannis
1066 4765 1227 4831 Fricderioi
1239 4761 1336 4830 Elect.
1350 4765 1455 4849 copiae
1470 4762 1503 4823 in
1516 4759 1620 4841 iugum
1635 4757 1847 4832 coniiciuntur,
1864 4766 1893 4815 et
1908 4752 1973 4836 ipse
1989 4751 2116 4835 capitur.

229 4898 285 4963 26.
322 4897 431 4960 Verrio
445 4898 537 4957 latina
552 4896 622 4955 libri
636 4889 790 4971 Meniaui,
814 4888 990 4954 aMarcello
1005 4887 1102 4966 lacte,
1127 4884 1207 4946 edita
1220 4896 1276 4947 ert.

230 5017 288 5080 26.
323 5015 448 5097 Accipit
463 5010 634 5088 Sememe,
659 5010 712 5069 ubi
725 5020 927 5071 commoratur
939 5006 1106 5083 ntmoium,
1123 4997 1175 5067 Pr.
1191 4997 1362 5063 Electorem
1375 5011 1497 5081 captum
1512 5017 1593 5074 esse,
1618 5008 1648 5056 et
1663 4989 1768 5074 fugam
1782 4996 1877 5071 parat.
