4882 6436
195 311 273 387 91³

195 473 332 553 Rectnr
358 426 578 551 Academiae
609 468 817 646 Witebeng.
851 463 1036 573 Carpat
1059 462 1190 546 ‘Cru-

553 649 558 658 ,
583 600 731 672 crgsr,
801 625 810 646 .

120 800 124 807 .
196 705 253 787 lta
271 716 535 785 coneliditDeus
551 739 672 783 onrnes
690 713 922 799 intelligentes
941 727 1101 792 nattuas,
1113 712 1190 782 tlu-

185 820 292 907 .gelos
312 837 347 886 et
365 813 544 893 homines,
569 830 608 885 ut
630 815 740 882 offano
757 815 793 880 iu
811 814 1010 904 easSpiritu
1027 838 1091 882 suo
1107 840 1188 882 sau·

198 933 273 1001 cto,
298 919 450 986 voluerit
467 942 524 985 eas
544 917 722 985 divinitati
742 938 821 982 vere
839 916 1017 1004 copulatas
1035 940 1126 993 esse,
1154 928 1189 984 et

197 1020 268 1088 frui
293 1019 449 1087 bonitate
468 1018 553 1100 Dei,
579 1042 618 1084 ac
634 1017 741 1096 lucis,
767 1015 957 1104 sapientiae
980 1031 1013 1084 et
1030 1016 1187 1085 iusticias

198 1119 528 1190 communicatione.
580 1115 676 1186 Haec
698 1114 926 1206 pulchritudo
955 1132 1084 1208 quauta
1110 1119 1186 1184 sue-

197 1221 264 1303 rit,
290 1243 386 1288 nuuc
402 1221 439 1287 in
458 1215 523 1288 liae
540 1219 687 1307 caligine
706 1243 776 1286 uon
794 1219 876 1284 satis
893 1218 1079 1288 cernimus.
1114 1216 1186 1288 Sed

196 1335 316 1390 tamen
342 1315 426 1387 baec
442 1320 626 1407 cogitanda
652 1333 750 1388 sunt:
786 1319 1025 1387 testimouium
1050 1319 1187 1406 insigne

198 1422 369 1512 bonitatis
392 1419 459 1489 Dei
484 1435 518 1490 et
540 1421 668 1487 amoris
692 1443 771 1509 erga
798 1442 862 1487 nos
881 1420 965 1502 luit,
999 1421 1092 1513 qnod
1120 1415 1186 1488 boc

197 1547 376 1592 summum
390 1524 539 1601 bonum,
558 1522 688 1589 scilicet
705 1520 889 1611 Spiritum,
905 1521 966 1612 qui
983 1520 1186 1589 incendium

196 1638 247 1692 est
263 1622 378 1692 mutui
392 1623 522 1690 amoris
536 1622 572 1688 in
592 1636 690 1712 patre
704 1636 737 1691 et
751 1622 842 1707 filio,
868 1633 903 1691 et
924 1623 1064 1691 flamma
1085 1620 1186 1701 lucis,

198 1725 391 1815 sapientiae
408 1736 459 1793 est
477 1722 634 1793 iusticiae
649 1723 758 1814 patris
776 1735 809 1791 et
828 1721 912 1804 filii,
937 1723 974 1792 in
991 1745 1056 1790 nos
1071 1737 1187 1793 trans-

195 1827 301 1898 fudit.
352 1821 485 1894 Contra
507 1835 591 1893 vero
609 1837 696 1893 tetra
721 1839 756 1893 et
772 1819 954 1892 horribilis
969 1824 1185 1912 ingratitudo

194 1928 281 2010 tuit,
319 1926 418 1994 illam
442 1926 685 1994 admirandam
710 1925 969 2016 copulationem
998 1948 1077 1992 eum
1098 1920 1185 2005 Deo,

194 2052 300 2121 quam
319 2041 457 2097 aeterna
467 2027 682 2115 gratitudine
699 2039 731 2093 et
745 2049 877 2094 summa
889 2026 1083 2094 reverentia
1093 2025 1184 2094 tueri

194 2131 448 2211 debueramus,
474 2151 635 2215 rumpere
651 2141 683 2195 et
700 2128 872 2214 flagitiose
895 2140 1054 2196 excutere
1069 2125 1182 2217 Spiri-

194 2244 272 2302 tum
296 2244 466 2298 sanctum.
525 2226 622 2297 Haec
641 2228 826 2316 cogitanda
848 2241 949 2311 sunt,
986 2242 1026 2297 ut
1053 2240 1183 2321 quanta

194 2332 287 2400 mala
311 2332 382 2398 sint
405 2331 465 2398 illa
485 2329 597 2419 prima
622 2329 747 2398 delicta
764 2329 1005 2421 aliquomodo
1025 2329 1186 2397 conside-

195 2456 325 2503 remus.
363 2429 451 2500 ant
465 2431 558 2498 enim
575 2430 668 2498 Deus
684 2427 877 2498 Ecclesiam
895 2429 1012 2522 aliqua
1029 2454 1068 2498 ex
1087 2443 1184 2521 parte

195 2555 382 2620 agnoscere
407 2544 442 2601 et
473 2531 615 2598 morbos
638 2525 785 2598 humani
804 2532 941 2620 generis
962 2546 997 2601 et
1018 2529 1184 2604 remedia.

194 2631 375 2704 Dissimile
396 2645 512 2700 autem
538 2631 607 2700 fuit
631 2632 798 2699 delictum
824 2634 1055 2723 superbomm
1077 2632 1191 2724 spiri-y

193 2749 294 2806 tuum
317 2733 430 2824 lapsui
453 2727 650 2804 bominum.
706 2730 851 2801 Diaboli
873 2757 953 2802 cum
985 2733 1098 2801 lilium
1116 2730 1184 2801 Dei

194 2837 343 2927 superbe
358 2834 668 2925 contempsissent,
685 2830 882 2924 blasphemi
896 2857 968 2902 esse
983 2846 1184 2924 coeperunt.

192 2931 243 3008 At
258 2936 377 3005 miseri
392 2931 574 3018 homiues,
600 2934 744 3023 impulsi
761 2960 778 3002 a
795 2935 956 3018 diabolo,
981 2934 1184 3004 infirmitate

191 3036 282 3129 lapsi
299 3049 392 3109 sunt.
445 3034 566 3127 ltaque
587 3036 681 3102 filius
699 3033 785 3117 Dei,
810 3060 915 3127 quem
929 3035 1063 3104 diaboli
1087 3037 1185 3104 adle-

193 3152 314 3209 cerant
331 3137 559 3216 contumelia,
578 3136 741 3205 misertus
757 3131 932 3204 humanae
948 3151 1103 3219 naturae,
1120 3161 1183 3227 pro

193 3263 234 3310 ea
255 3243 458 3329 deprecator
477 3232 539 3307 καὶ
556 3233 674 3329 ἱκέτης
695 3237 806 3306 lactus
830 3251 892 3308 est.
944 3236 1064 3326 Quare
1087 3235 1184 3308 Deus

192 3356 331 3432 recepta
355 3335 540 3409 bominum
566 3356 690 3409 natura
714 3352 859 3430 propter
882 3339 994 3409 filium
1011 3340 1184 3410 mediato-

192 3468 287 3526 rem,
311 3444 404 3512 edita
420 3464 504 3509 voce
519 3441 783 3530 promissionis,
809 3442 956 3510 reddere
975 3441 1079 3510 nobis
1101 3464 1183 3511 suae

193 3555 342 3612 naturae
372 3541 570 3609 societatem
604 3543 735 3628 coepit,
765 3554 799 3607 et
821 3540 1081 3629 copulationem
1109 3541 1183 3631 pri-

193 3667 308 3723 mam,
327 3642 370 3710 ad
389 3664 495 3734 quam
511 3640 647 3709 conditi
663 3661 818 3724 eramus,
835 3640 1054 3714 instauravit.
1085 3638 1184 3713 Rur-

194 3766 253 3814 sus
278 3742 433 3812 enimin
460 3741 603 3834 eosqui
628 3754 880 3830 expavescunt,
906 3743 1086 3831 agnitione
1111 3742 1184 3812 irae

193 3842 263 3917 Dei
279 3858 314 3915 et
332 3844 409 3912 voci
424 3843 668 3934 promissionis
682 3843 946 3926 adsentiuntur,
963 3844 1183 3914 transfundi-

193 3960 253 4018 tur
267 3945 419 4037 Spiritus
433 3960 592 4028 sanctns,
607 3943 669 4036 qui
684 3945 825 4012 flamma
846 3958 897 4014 est
912 3968 952 4012 ex
969 3958 1108 4036 pectore
1124 3969 1183 4014 ae-

193 4048 287 4118 terni
310 4046 419 4136 patris
436 4060 470 4115 et
487 4068 526 4113 ex
543 4060 684 4135 pectore
699 4045 835 4113 domini
853 4047 965 4117 nostri
981 4046 1059 4115 lesu
1075 4041 1201 4116 chri:

193 4151 237 4220 sti
263 4149 385 4232 missa,
411 4160 452 4215 ut
470 4148 602 4229 lucem,
635 4147 811 4217 iusticiam
832 4161 867 4216 et
889 4147 997 4215 vitam
1019 4148 1057 4214 in
1077 4149 1182 4218 nobis

193 4252 369 4320 accendat.
421 4251 473 4316 Ac
494 4260 590 4316 tanta
615 4244 683 4316 Dei
708 4249 848 4317 bonitas
875 4260 944 4332 est,
970 4272 1044 4316 non
1067 4250 1181 4318 solum

193 4365 234 4423 ut
248 4349 370 4437 largiri
387 4343 455 4417 hoc
474 4360 609 4416 tantum
627 4349 759 4417 bonum
781 4363 815 4419 et
832 4343 923 4418 banc
939 4362 1182 4432 suaenaturae

194 4452 393 4522 societatem
418 4448 520 4531 velit,
546 4449 605 4514 sed
626 4449 729 4518 etiam
749 4464 790 4518 ut
805 4472 906 4540 saepe
921 4450 1091 4534 altirmet,
1114 4444 1182 4519 boc

194 4577 231 4624 se
247 4552 400 4622 officium
424 4548 610 4640 praecipue
632 4572 650 4616 a
673 4549 777 4617 nobis
794 4551 989 4640 postulare,
1015 4551 1183 4641 primum,

193 4668 234 4723 ut
257 4653 371 4743 ipsum
396 4651 567 4720 etlilium
593 4663 627 4719 et
652 4645 746 4717 bunc
766 4650 949 4740 spiritum,
981 4652 1044 4743 qui
1065 4652 1179 4723 mutui

128 4768 130 4773 '
192 4754 324 4825 amoris
340 4752 377 4820 in
389 4766 487 4843 patre
495 4764 637 4821 aeterno
654 4765 687 4821 et
702 4751 774 4820 lilio
784 4751 988 4820 incendium
999 4767 1060 4834 est,
1073 4775 1184 4842 agno·

194 4877 349 4934 mamus,
375 4865 409 4922 et
430 4847 498 4922 boc
522 4848 655 4921 donum
680 4853 885 4922 ardentibus
907 4854 999 4924 votis
1024 4868 1184 4945 petamus

195 4975 229 5028 et
247 4956 335 5044 grati
353 4954 569 5024 celebremus
582 4976 622 5022 ac
637 4953 861 5028 retineamus.

297 5113 365 5184 Sed
383 5113 467 5205 quid
485 5110 625 5181 dicam?
650 5111 678 5180 si
698 5125 835 5182 tantum
857 5113 988 5203 singuli
1012 5116 1183 5208 lacryma*

193 5240 274 5287 rum
298 5216 447 5285 inridere
470 5236 670 5302 possemus,
697 5228 870 5307 quantum
891 5217 1071 5285 undarum
1086 5213 1182 5287 vebit

192 5312 252 5387 bic
269 5316 371 5390 Albis
386 5329 524 5398 noster,
547 5327 663 5383 tamen
682 5338 756 5383 non
767 5315 849 5385 satis
863 5316 1046 5405 deplorare
1066 5311 1182 5385 bomi-

143 5472 154 5487 .
192 5442 280 5488 num
296 5417 470 5488 duriciem
486 5428 519 5484 et
536 5414 826 5504 ingratitudinem
842 5440 1032 5508 possemus.
1073 5416 1182 5489 Pauci

243 5522 422 5592 lincares.
439 5520 546 5590 Orsa.
562 5520 641 5584 Vm..
657 5510 720 5586 Vl.

774 299 1213 383 ttrtsrotanuu
1260 298 1372 381 ΗΒ.
1400 299 1467 383 XL
1519 299 1654 382 taes.

2151 306 2229 383 914

1243 467 1335 543 hanc
1351 474 1568 546 voluntatem
1587 471 1656 545 Dei
1678 473 1923 568 considerant,
1948 477 2052 569 pauci
2073 472 2141 549 boc
2163 482 2231 550 do-

1246 598 1332 644 num
1360 588 1504 663 petunt,
1530 577 1635 647 multi
1658 579 1841 646 manifesta
1864 591 1898 647 et
1913 578 2087 672 cyclopica
2104 581 2229 671 impie-

1244 690 1313 745 tate
1327 692 1463 758 arcent,
1488 679 1612 760 multi,
1638 703 1716 746 cum
1734 679 1867 748 fuerint
1884 680 2061 748 domicilia
2073 678 2228 771 Spiritus

1244 777 1374 860 sancti,
1400 794 1433 848 et
1447 779 1591 848 eiiciuut
1611 803 1707 864 eurn,
1731 796 1765 849 et
1781 779 1929 850 utl’auli
1950 783 2063 850 verbis
2078 797 2230 868 utamur,

1243 879 1366 946 dolore
1383 903 1463 950 eum
1478 881 1656 950 adficiunt.
1707 878 1803 949 Haec
1819 875 1996 950 horrenda
2011 883 2228 971 ingratitudo

1242 994 1362 1069 postea
1388 994 1558 1049 causaest
1580 980 1777 1069 ingentium
1800 981 2036 1053 calamitatum
2054 979 2227 1056 humana·

1241 1104 1341 1166 rum,
1365 1083 1555 1164 amentiae,
1581 1084 1755 1151 bellorum
1769 1096 1803 1152 et
1816 1085 2062 1153 vastationum.
2275 1088 2285 1107 ”

1343 1180 1394 1248 Te
1417 1183 1522 1268 igitur
1545 1197 1684 1252 aeterne
1699 1182 1815 1266 Deus,
1844 1199 1941 1273 pater
1963 1187 2098 1255 domini
2115 1188 2226 1256 nostri

1241 1280 1318 1350 lesu
1335 1278 1488 1366 curisti,
1515 1287 1678 1352 conditor
1693 1285 1780 1355 coeli
1803 1297 1837 1353 et
1855 1299 1967 1354 terrae
1992 1300 2024 1355 et
2040 1282 2225 1357 bominum

1240 1396 1274 1452 et
1291 1379 1467 1452 Ecclesiae
1482 1396 1579 1469 tuae,
1602 1410 1767 1456 unacum
1784 1386 1857 1454 filio
1873 1399 1934 1456 tuo
1950 1400 1983 1456 et
1991 1385 2128 1476 Spiritu
2144 1413 2227 1459 sau·
2308 1450 2313 1458 .

1240 1499 1317 1562 cto,
1346 1485 1520 1573 supplices
1546 1511 1706 1570 oramus,
1740 1498 1780 1556 ut
1805 1501 1948 1578 propter
1969 1488 2080 1557 lilium
2113 1503 2226 1572 tuum,

1239 1584 1424 1652 dominum
1447 1600 1607 1656 nostrum
1634 1585 1661 1655 l.
1675 1586 1735 1671 C.,
1759 1612 1863 1680 quem
1881 1590 2024 1658 voluisti
2044 1614 2106 1678 pro
2121 1594 2225 1660 nobis

1239 1708 1312 1753 esse
1332 1686 1509 1754 victimam
1532 1683 1595 1758 καὶ
1608 1682 1762 1782 μεσίτην
1776 1683 1839 1758 καὶ
1852 1684 1992 1782 ἱτὲτην,
2020 1693 2132 1761 nostri
2156 1695 2224 1760 mi-

1239 1787 1404 1870 serearis,
1429 1811 1468 1889 ac
1478 1786 1614 1878 Spiritu
1631 1803 1690 1860 tuo
1708 1802 1827 1858 sancto
1845 1814 1909 1858 nos
1923 1792 1989 1860 tibi
2004 1795 2164 1881 copules,
2190 1810 2226 1864 et

1239 1889 1278 1955 in
1301 1888 1405 1955 nobis
1428 1912 1545 1957 veram
1567 1892 1680 1960 lucem
1697 1903 1732 1961 et
1747 1890 1918 1960 iusticiam
1934 1894 2112 1966 accendas.
2162 1894 2224 1963 Li-

1238 1989 1402 2057 beralitas
1423 2001 1484 2058 tua
1508 1990 1677 2061 immensa
1701 1990 1738 2057 in
1764 1993 1882 2059 dando
1905 1986 1971 2061 boc
1997 2018 2140 2062 munere
2161 1997 2224 2063 lilii

1239 2089 1333 2159 dicto
1351 2091 1523 2159 celebrata
1540 2105 1607 2176 est,
1628 2093 1724 2184 quod
1741 2092 1911 2176 ostendit,
1926 2118 2031 2185 quam
2045 2097 2148 2164 avide
2162 2122 2225 2165 cu-

1238 2191 1313 2282 pias
1327 2192 1430 2259 uobis
1443 2216 1545 2282 opem
1561 2194 1681 2272 serre,·
1692 2217 1773 2262 cum
1789 2194 1854 2263 ait:
1882 2208 2014 2285 quanto
2029 2197 2139 2284 magis
2161 2222 2225 2287 pa-

1237 2305 1290 2362 ter
1306 2292 1463 2363 coelestis
1481 2293 1756 2384 dabitSpiritum
1778 2317 1880 2362 suum
1899 2310 2056 2365 sanctum
2073 2300 2225 2387 petenti-

1236 2393 1315 2467 bus.
1366 2390 1425 2462 Tu
1440 2392 1492 2463 vis
1508 2396 1578 2485 peti
1595 2389 1663 2464 boc
1676 2418 1825 2476 munus,
1852 2407 1886 2463 et
1899 2396 2099 2486 petentibus
2116 2401 2223 2469 adtir-

1237 2517 1311 2563 mas
1326 2505 1360 2562 te
1375 2495 1478 2562 avide
1497 2497 1661 2567 daturum
1676 2517 1760 2570 esse.
1811 2494 2001 2587 Speremus
2022 2496 2128 2588 igitur
2144 2515 2223 2572 vota

1237 2609 1357 2666 nostra
1374 2597 1544 2670 exaudiri.

1335 2691 1413 2768 Vos
1434 2720 1576 2790 quoque
1598 2697 1777 2768 auditores
1799 2693 2047 2787 adhortamur,
2070 2717 2111 2774 ut
2131 2701 2223 2774 hanc

1237 2799 1281 2867 cle
1298 2796 1479 2869 voluntate
1492 2795 1559 2869 Dei
1582 2800 1778 2869 doctrinam
1804 2801 1862 2891 pie
1879 2814 1912 2871 et
1925 2805 2080 2873 studiose
2094 2806 2224 2894 cogite·

1237 2900 1300 2981 tis,
1322 2910 1355 2967 et
1372 2913 1511 2988 pectora
1525 2914 1639 2970 vestra
1659 2902 1702 2970 ad
1720 2903 1910 2990 petendum
1927 2898 2020 2973 bunc
2033 2907 2224 2996 sapientiae

1238 3014 1272 3069 et
1290 2998 1448 3071 iustitiae
1463 3003 1596 3070 fontem
1612 3002 1769 3072 flectatis.
1821 3001 1931 3073 Multi
1945 3020 2028 3076 sunt
2045 3007 2225 3092 intervos,

1238 3100 1300 3194 qui
1322 3101 1501 3172 iamsunt
1521 3102 1701 3173 domicilia
1718 3101 1874 3194 Spiritus
1900 3107 2022 3180 sancti.
2078 3107 2127 3178 Hi
2152 3109 2224 3180 sint

1237 3202 1406 3288 modesti,
1430 3203 1560 3289 sobrii,
1585 3203 1668 3276 casti
1691 3219 1725 3274 et
1740 3205 1926 3295 diligentes
1948 3208 1987 3275 in
2001 3209 2224 3280 caeterisne-

1237 3303 1394 3373 cessariis
1414 3305 1548 3390 ollciis,
1573 3329 1618 3374 ne
1632 3305 1804 3396 Spiritum
1831 3320 1989 3377 sanctum
2011 3334 2051 3378 ex
2074 3313 2225 3401 pectori-

1236 3407 1303 3475 bus
1319 3405 1390 3473 suis
1407 3406 1604 3492 excutiant,
1630 3430 1693 3476 uec
1712 3431 1793 3476 eum
1810 3409 1932 3478 dolore
1948 3410 2111 3481 afficiant.
2147 3414 2224 3483 Do-

1237 3507 1285 3576 let
1313 3506 1408 3572 enim
1436 3520 1584 3600 propter
1611 3524 1753 3578 nostros
1787 3509 1905 3598 lapsus
1931 3524 1964 3580 et
1991 3526 2133 3603 propter
2158 3540 2224 3584 no-

1237 3620 1325 3674 stras
1346 3606 1559 3676 calamitates
1580 3607 1727 3692 multas,
1752 3632 1842 3701 quae
1869 3627 2065 3703 sequuntur
2086 3615 2224 3691 delicta.

1236 3704 1361 3776 Doluit
1389 3705 1542 3796 Spiritus
1563 3720 1702 3781 sanctus
1725 3732 1804 3778 cum
1839 3733 1858 3778 a
1884 3707 2000 3781 Saule
2029 3714 2224 3804 eiiceretur,

1236 3808 1453 3900 prospiciens
1480 3821 1513 3878 et
1533 3809 1643 3900 ipsius
1664 3810 1808 3880 exitium
1831 3823 1867 3880 et
1885 3813 2099 3885 calamitates
2115 3820 2224 3908 regni,

1236 3932 1326 4002 quae
1345 3924 1526 3980 secuturae
1545 3925 1664 3995 eraut;
1720 3911 1836 3980 doluit
1865 3925 1898 3981 et
1931 3914 1968 3982 in
1994 3917 2124 3988 multis
2144 3920 2223 4010 piis,

1230 4011 1296 4117 grai
1320 4009 1359 4079 in
1383 4035 1512 4098 magno
1537 4036 1698 4081 moerore
1721 4027 1820 4084 erant
1837 4027 1982 4105 propter
2002 4020 2165 4089 scandala
2191 4036 2224 4091 et

1236 4111 1394 4202 publicas
1410 4112 1578 4183 miserias.
1602 4110 1764 4206 Denique
1779 4138 1899 4184 omnes
1914 4118 2144 4191 exuscitemus
2159 4146 2226 4193 nos

1227 4214 1279 4282 ‘ad
1298 4208 1388 4282 hanc
1402 4238 1545 4299 curam,
1565 4228 1605 4284 ut
1621 4229 1656 4284 et
1671 4215 1874 4287 restituatur
1889 4217 1925 4285 in
1951 4220 2054 4289 nobis
2072 4223 2225 4307 coniun-

1237 4313 1307 4383 ctio
1329 4339 1409 4383 cum
1426 4313 1522 4397 Deo,
1546 4330 1580 4383 et
1597 4328 1735 4385 maneat
1753 4315 1900 4405 integra.
1942 4310 2165 4410 Aspiciamut
2189 4339 2223 4395 et

1236 4415 1391 4507 privatas
1407 4415 1563 4485 miserias
1581 4429 1616 4485 et
1630 4415 1846 4486 tristissimas
1863 4415 2039 4489 Ecclesiae
2056 4435 2089 4491 et
2109 4422 2223 4516 impe-

1227 4515 1372 4585 riorum
1393 4516 1637 4600 confusiones,
1668 4519 1797 4611 quibus
1818 4521 1973 4608 prolecto
1994 4524 2127 4593 mederi
2152 4522 2221 4596 bu-

1239 4639 1341 4685 mana
1361 4617 1529 4708 sapientia
1556 4642 1630 4686 non
1654 4631 1779 4706 potest,
1829 4618 1899 4690 Sed
1924 4635 1963 4692 ut
1986 4621 2024 4691 in
2047 4627 2223 4699 creatione

1238 4715 1381 4811 Moyses
1397 4718 1536 4797 scribit,
1566 4718 1676 4787 foveri
1701 4735 2003 4791 rerum'naturam
2032 4724 2222 4800 incubante

1238 4819 1339 4910 aquis
1354 4818 1481 4909 spiritu
1497 4816 1665 4904 Domini,
1686 4820 1734 4891 ita
1756 4823 1888 4891 servari
1903 4819 2079 4895 Ecclesiae
2105 4842 2140 4898 et
2165 4855 2221 4898 ea-

1238 4943 1317 4988 rum
1336 4913 1487 5009 hospitia
1505 4944 1577 4989 nou
1596 4934 1758 5009 possunt,
1783 4922 1853 4991 nisi
1868 4919 2022 4995 suaviter
2035 4928 2223 5000 foveantur

1238 5020 1384 5090 salutari
1410 5018 1476 5090 Dei
1506 5022 1644 5112 spiritu.
1701 5019 1781 5091 Hoc
1811 5024 1920 5113 igitur
1939 5038 1974 5094 et
1998 5028 2072 5116 regi
2099 5054 2163 5099 nos
2190 5048 2224 5103 et

1238 5121 1489 5210 gubernatores
1503 5137 1538 5194 et
1554 5121 1670 5193 sanari
1683 5118 1862 5200 Ecclesiae
1879 5126 2044 5208 vulnera,
2071 5144 2105 5198 et
2121 5134 2222 5203 resti·

1238 5221 1292 5293 tui
1313 5221 1498 5292 salutarem
1522 5248 1661 5314 pacem,
1688 5224 1782 5293 veris
1805 5227 1992 5313 gemitibus
2016 5243 2186 5319 petamus.

1340 5322 1433 5402 Cum
1456 5339 1572 5394 autern
1598 5326 1729 5394 iustum
1752 5338 1788 5393 et
1808 5327 1965 5396 debitum
1990 5330 2142 5400 officium
2167 5335 2224 5420 sit,
2343 5392 2347 5398 .

1238 5422 1528 5516 significationem
1541 5426 1695 5519 aliquam
1705 5425 1930 5518 gratitudinis
1943 5434 2127 5504 ostendere
2143 5459 2224 5528 erga

1577 5525 1628 5603 68
