4882 6436
210 295 284 370 ⁸61

324 453 528 528 Erasmum
555 451 792 539 †Albcrum”
815 478 963 549 quaeso,
989 466 1030 524 ut
1055 452 1212 523 consiliis

213 560 284 636 tuis
298 583 408 650 regas.
461 556 610 629 Gaudeo
628 582 708 628 eum
726 558 763 625 in
775 554 918 646 Repub.
933 551 1078 625 honesta
1095 557 1211 623 sedem

215 685 290 733 esse
305 675 465 732 nactum:
503 659 594 729 Nam
610 673 645 729 et
659 673 751 728 recte
765 672 858 727 tenet
875 658 1072 727 doctrinam
1089 652 1212 725 Eccle-

219 765 292 835 siae
307 763 394 849 Dei„
411 786 484 830 non
499 762 659 831 vitiatam
670 758 697 851 ²)
723 759 953 851 opinionibus
975 758 1153 840 fanaticis,
1179 769 1213 825 et

220 863 336 937 Deum
361 864 480 944 timet,
507 875 540 931 et
560 861 697 931 moneri
718 885 754 930 se
777 861 814 928 in
838 860 1111 948 gubernatione,
1137 883 1156 927 a
1178 871 1212 927 te

219 966 442 1058 praesertim,
474 987 578 1056 quem
603 963 739 1052 diligit,
771 962 936 1053 patietur.
997 959 1094 1029 Bene
1125 960 1213 1032 vale.

220 1064 290 1138 Die
317 1065 374 1139 17.
395 1061 552 1156 Aprilis,
584 1089 655 1157 quo
680 1065 737 1134 die
759 1077 840 1132 ante
862 1084 974 1132 annos
999 1056 1101 1132 5852
1122 1055 1213 1132 'Noa

180 1236 186 1243 .
220 1192 338 1238 arcam
355 1167 531 1257 ingressus
547 1179 608 1234 est.

427 1370 683 1382 ...συνῄει-

234 1505 302 1579 Νο.
328 1502 442 1578 4207.

226 1600 439 1638 m

883 1514 941 1576 17.
958 1504 1036 1590 Ape.
1059 1505 1204 1587 (Celtas.)

860 1600 1215 1646 §.auva—...a

491 1703 678 1785 Erasmo
705 1699 953 1801 Benedicta.

290 1880 312 1945 ι·
328 1876 367 1931 Ex
382 1892 476 1949 apogr.
495 1874 524 1928 iu
538 1876 600 1930 eod.
616 1873 700 1929 Gotb.
715 1874 773 1929 190.
791 1893 818 1946 p.
829 1872 891 1929 230.

224 2026 449 2102 Eruditionc
471 2038 502 2100 et
522 2028 650 2099 virtute
672 2025 903 2126 praestanti,
922 2022 1038 2121 Mag.
1065 2022 1216 2094 Eras-

299 2157 366 2201 mo
390 2127 668 2216 Benedicta,
701 2128 821 2200 antico
842 2154 910 2199 suo
933 2127 1140 2214 carissimo,

222 2268 268 2359 S.
290 2282 335 2360 D.
385 2282 575 2355 Carissimo
606 2281 763 2357 Erasme.
823 2275 982 2354 Conscia
1015 2306 1133 2365 mens,
1176 2287 1215 2348 nt

224 2384 350 2484 cuique
366 2409 436 2455 sna
452 2394 515 2465 cst,
541 2383 596 2453 ita
613 2382 766 2477 concipit
783 2382 883 2453 intra
898 2395 1043 2481 pectora
1058 2407 1127 2481 pro
1143 2406 1216 2450 me-

226 2489 310 2559 ritis
327 2511 494 2585 spemque
517 2495 720 2582 metamque
737 2484 828 2555 sais.
877 2485 954 2575 Ego
979 2488 1087 2576 igitur
1106 2478 1216 2554 fretus

224 2591 363 2662 conscia
382 2606 494 2660 rectae
509 2589 702 2657 voluntatis
718 2602 752 2656 et
766 2590 1029 2668 moderationis,
1056 2612 1159 2682 qnam
1178 2586 1216 2652 in

224 2716 350 2782 magua
375 2691 583 2760 confusione
610 2689 820 2780 opinionum
850 2692 1024 2780 praestiti,
1055 2689 1215 2757 nondum

223 2794 345 2883 fugere
360 2792 500 2861 decrevi
510 2785 557 2882 ').
608 2789 676 2860 Sed
692 2802 807 2858 tamen
827 2793 954 2878 gratias
970 2815 1034 2881 ago
1050 2792 1127 2859 viro
1144 2789 1214 2857 cla-

224 2895 365 2965 rissimo
382 2891 426 2965 D.
443 2891 485 2964 N.
502 2894 537 2962 et
553 2888 709 2960 Domino
727 2885 936 2977 Michaeli,
961 2918 1039 2962 cnm
1056 2916 1121 2984 pro
1139 2913 1216 2959 cae-

223 2996 309 3066 teris
323 2993 512 3076 benefrciis,
534 3005 608 3061 tum
624 2992 728 3060 etiam
744 3016 809 3082 pro
825 2993 995 3083 singulari
1011 2995 1090 3077 fide,
1110 3014 1215 3083 qnam

225 3099 264 3165 in
282 3090 348 3165 boc
363 3120 443 3164 meo
457 3094 613 3186 periculo
629 3094 888 3182 praestiterunt.
931 3092 978 3164 Et
994 3098 1114 3164 advos
1129 3091 1217 3160 scri·

225 3200 306 3268 bam
324 3219 482 3265 reversus
501 3193 785 3283 widubergam,
812 3196 892 3279 ubi,
914 3197 942 3264 si
959 3211 1075 3288 potes,
1100 3216 1216 3261 meum

224 3300 379 3369 reditum
397 3312 565 3388 exspecta.
615 3294 726 3386 Spero
743 3296 850 3380 enim,
874 3321 949 3381 nos,
970 3296 1045 3366 Deo
1064 3297 1217 3377 iuvante,

225 3401 319 3470 incra
348 3401 531 3469 octiduum
559 3397 735 3466 redituros
764 3421 837 3465 csse
865 3401 1022 3469 domum.
1076 3395 1218 3465 Gratias

225 3521 290 3588 ago
306 3497 351 3569 D.
370 3491 560 3565 Michacli
574 3521 637 3587 pro
655 3498 739 3564 vino
753 3497 874 3580 misso,
890 3511 923 3566 et
938 3512 1037 3565 tuum
1056 3519 1135 3583 erga
1153 3504 1218 3561 no's

224 3599 381 3669 studium
405 3598 527 3666 multis
548 3609 747 3687 pergratum
772 3609 835 3668 est.
893 3595 1020 3666 Coram
1043 3597 1086 3663 de
1108 3593 1217 3687 Syco-

224 3697 369 3793 phantis
391 3699 600 3790 loquemur,
625 3698 688 3789 qni
703 3693 847 3765 Atridas
869 3712 992 3767 contra
1017 3722 1071 3766 me
1094 3719 1218 3765 accen-

225 3805 337 3880 dunt,
369 3801 430 3870 sed
455 3811 653 3890 purgarunt
674 3822 729 3867 me
755 3821 876 3866 rursus
901 3798 1032 3891 aliqui,
1065 3821 1216 3890 quorum

224 3927 300 3972 non
325 3901 412 3970 levis
442 3901 631 3970 auctoritas
653 3914 714 3973 est.
773 3896 871 3968 Bene
898 3915 934 3971 et
958 3899 1108 3969 feliciter
1129 3899 1218 3966 vale.

225 4002 292 4074 Die
314 4001 473 4091 Georgii.

790 4118 800 4143 ⁸
850 4099 944 4173 Phil.
968 4096 1144 4173 Melanch.

242 4487 308 4560 No.
328 4483 442 4558 4208.

228 4583 441 4619 Μ

889 4497 946 4558 17.
959 4488 1038 4574 Ape.
1061 4489 1207 4572 (Cellae.)

866 4583 1199 4625 xm..

531 4668 690 4751 Ioanni
703 4674 914 4757 ministra.

292 4828 380 4898 epac
397 4829 445 4887 ιιι.
461 4828 499 4883 ιι.
516 4847 545 4900 p.
556 4826 619 4884 sss.
640 4828 717 4896 (..ιιι.
732 4828 821 4885 rona.
837 4828 884 4885 tu.
900 4828 935 4885 ιι.
952 4848 995 4902 ψ.
1008 4828 1093 4899 cosa.

223 4988 451 5004 w—

257 5105 288 5176 2)
308 5102 376 5159 coc
393 5102 479 5161 Goth.
492 5104 705 5175 sabsecutam.

258 5205 286 5272 θ)
303 5201 439 5275 Loquitur
456 5203 489 5258 de
508 5205 547 5258 ire
568 5205 704 5269 Caesarie,
731 5205 778 5276 qui
802 5205 855 5260 boe
872 5216 995 5278 tempore
1014 5205 1123 5262 volebat
1148 5204 1215 5273 (rid.

292 5291 343 5355 ‘¹²2
353 5271 379 5328 d.
393 5273 418 5326 d.
432 5272 475 5329 24.
489 5274 583 5342 Mart.)
602 5285 630 5328 ut
645 5276 806 5329 Melsntbon
825 5277 875 5347 ipsi
893 5277 1053 5333 traderetur.
1088 5274 1136 5330 En
1148 5293 1213 5358 ergo

166 5344 169 5348 '
288 5351 404 5464 ιιιῗιιᾶιῃιῖι
409 5341 484 5400 1548.
501 5341 608 5405 Cellae.
632 5354 661 5397 ιιι
678 5361 794 5416 sequens
812 5345 924 5417 epistola
941 5345 974 5401 ed
993 5344 1138 5400 lobanuem
1158 5363 1214 5398 nn-

319 5429 332 5463 ι
406 5450 414 5467 .

796 283 1229 404 arrsronanun
1273 280 1487 362 unam
1541 280 1674 360 1548.

2177 285 2252 363 862

1379 441 1596 518 Iohanni
1617 441 1805 518 Ministro
1830 470 1897 519 sno
1912 442 2139 542 fidelissimo

1263 577 1307 668 S.
1329 593 1373 665 D.
1424 591 1638 667 Charissime
1653 591 1817 678 Ioanne,
1840 595 1962 668 Toties
1982 622 2019 669 se
2039 612 2142 670 vocat
2157 596 2255 670 Dens

1262 698 1403 769 Patrem
1425 692 1686 788 orphanorum,
1711 698 1893 769 credamus
1909 701 2033 789 igitur,
2058 715 2092 772 et
2115 715 2255 771 nostros

1263 794 1460 893 orphanos,
1484 821 1573 892 quos
1592 801 1631 868 tu
1645 800 1805 891 quotidie
1819 814 1950 889 gestas,
1976 815 2011 871 et
2025 824 2161 872 summa
2178 803 2256 894 pie-

1265 915 1334 972 tate
1351 902 1497 979 educas,
1523 901 1555 968 ei
1572 924 1677 969 curae
1692 924 1775 975 esse.
1828 898 1904 971 lmo
1920 926 1985 973 nos
2003 901 2098 994 ipsos
2114 928 2257 997 quoque

1264 1029 1344 1073 cum
1360 1024 1480 1070 revera
1504 1003 1613 1071 simus
1629 997 1801 1094 orphani,
1823 1002 1973 1075 sciamus
1988 1004 2034 1073 ab
2052 1028 2094 1073 eo
2110 1020 2144 1075 et
2157 1006 2204 1074 ali
2222 1018 2257 1075 et

1267 1102 1422 1196 protegi,
1450 1116 1486 1172 et
1506 1126 1572 1172 nos
1595 1102 1662 1193 ipsi
1681 1106 1978 1179 commendemus.
2030 1103 2156 1177 Fretus
2170 1130 2258 1176 con-

1264 1205 1409 1275 scientia
1437 1217 1550 1273 rectae
1577 1204 1772 1274 voluntatis
1794 1219 1827 1275 et
1851 1206 2122 1292 moderationis,
2149 1232 2258 1301 quam

1266 1305 1580 1376 turbulentissimis
1596 1307 1814 1396 temporibus
1831 1309 2001 1398 praestiti,
2023 1311 2183 1378 nondum
2200 1309 2258 1377 fu-

1266 1431 1346 1497 gere
1369 1407 1530 1490 decrevi,
1553 1430 1593 1476 ac
1617 1407 1696 1476 Deo
1720 1408 1896 1492 iuvante,‘
1907 1411 1952 1477 ad
1973 1432 2036 1478 vos
2057 1410 2150 1480 intra
2169 1409 2258 1481 octi-

1267 1511 1377 1579 duum
1397 1532 1466 1576 una
1482 1533 1562 1577 curu
1577 1508 1720 1597 collegis
1739 1511 1917 1579 rediturus
1931 1533 2021 1582 sum.
2071 1509 2158 1581 Misi
2172 1506 2258 1580 hinc

1268 1611 1438 1680 nuncium
1456 1611 1498 1677 ad
1517 1633 1591 1689 vos,
1617 1610 1675 1679 cui
1692 1612 1773 1680 dedi
1789 1611 1934 1703 paginas
1946 1605 2160 1682 exhibendas
2176 1610 2260 1681 Ma-

1266 1712 1374 1801 gistro
1387 1703 1531 1786 Ριιιιίο,Ι
1557 1733 1659 1801 spero
1676 1734 1755 1779 enm
1773 1715 1816 1781 ad
1840 1735 1902 1780 vos
1918 1713 2137 1802 pervenisse,
2152 1714 2259 1781 ride-

1266 1813 1371 1882 batur
1393 1813 1486 1880 enim
1516 1807 1624 1880 homo
1654 1836 1730 1882 non
1755 1836 1868 1882 vanus
1887 1826 1982 1898 esse,
2014 1826 2049 1884 et
2075 1814 2163 1883 civis
2185 1826 2260 1882 erat

1266 1909 1480 2007 Targcnsis.
1535 1911 1700 1983 Nostram
1733 1915 1904 1983 familiam
1939 1915 2004 1984 tibi
2038 1917 2260 1987 commendo.

1265 2013 1361 2086 Bene
1377 2031 1410 2086 et
1424 2013 1573 2085 feliciter
1587 2014 1676 2089 vale.
1726 2013 1800 2085 Die·
1809 2014 1967 2106 Georgii.

1279 2351 1344 2424 No.
1359 2348 1475 2425 4209.

1271 2448 1483 2485 Μ
1606 2434 1611 2444 ’

2084 2357 2147 2438 (ιι.
2166 2359 2273 2437 aaa).

1615 2474 1618 2481 ,
2032 2502 2037 2515 ι
2082 2446 2257 2479 W
2287 2496 2289 2500 Ι

1671 2531 1857 2618 Lectori.
2036 2562 2072 2649 Ἰ

1336 2699 1473 2755 Praefatio
1493 2701 1521 2756 iu
1540 2703 1657 2758 librumc
1675 2710 1805 2764 contexta
1842 2706 1919 2780 opuli
1936 2704 2039 2763 ludoici
2059 2706 2169 2763 historie
2188 2725 2203 2762 ι
2220 2698 2287 2762 re·'

1371 2770 1428 2822 ditu
1445 2790 1475 2824 er
1492 2771 1676 2844 Babylonem
1695 2793 1729 2828 ue
1750 2776 1784 2829 ed
1804 2776 1932 2830 utimum
1952 2777 2085 2833 escidium
2100 2776 2226 2831 Hierosol
2247 2807 2264 2821 ·

1370 2857 1439 2897 mae,
1458 2840 1548 2892 Panto
1555 2841 1657 2902 Edere,
1675 2794 1838 2914 Gytingeusi
1851 2856 1972 2901 auctore.
1994 2796 2263 2901 An.1t1.t).xt.vtl.

1371 2905 1485 2960 Witeb.
1502 2909 1528 2962 8.
1555 2910 1697 2984 (descrips.
1716 2911 1854 2978 Lunzius.)
1880 2943 1916 2954 -
1955 2913 2062 2986 Scripta
2081 2924 2120 2967 est
2157 2912 2264 2968 nefaris

1372 2974 1479 3034 Cellae.
1510 2987 1535 3030 et
1558 2978 1586 3032 d.
1607 2979 1649 3030 17.
1669 2981 1736 3050 elpr.
1762 2981 1841 3035 mim
1860 2980 2056 3054 Witebergrm
2079 2986 2113 3038 sd
2145 3000 2263 3038 omnem

1372 3042 1536 3101 ministrum.
1572 3044 1633 3102 Vid.
1651 3066 1713 3121 epp.
1730 3049 1855 3105 anteced.
1873 3061 1973 3125 etseq.

1432 3193 1557 3276 Phil.
1582 3198 1781 3279 Malunt.
1806 3198 1959 3276 Lectori
1978 3202 2019 3281 S.
2046 3202 2100 3278 D.

1267 3318 1331 3402 De
1347 3329 1467 3404 Aenea
1485 3336 1647 3410 intuente
1662 3340 1836 3431 picturam
1852 3340 2000 3412 Troiani
2018 3343 2103 3413 belli
2120 3343 2158 3413 in
2175 3359 2264 3417 tem-

1270 3435 1328 3523 plo
1344 3459 1464 3504 recens
1479 3441 1624 3508 condito
1641 3444 1660 3507 a¹
1679 3439 1837 3527 Didone,
1863 3444 1981 3537 inquit
2000 3442 2187 3536 Virgilius:

1319 3551 1446 3634 sinuit,
1465 3571 1555 3640 etque
1571 3565 1707 3622 animum
1724 3570 1840 3644 pictura
1855 3572 1949 3647 poscit
1965 3571 2058 3646 inrui,

1319 3652 1416 3716 Mults
1431 3678 1570 3738 gemeus,
1596 3664 1740 3746 largoque
1758 3666 1911 3728 humectat
1926 3671 2051 3729 tlurniue
2066 3674 2196 3732 vultum.
2306 3726 2310 3732 .
2368 3650 2370 3655 Ι

1269 3764 1347 3836 Etsi
1365 3781 1482 3837 autem
1499 3772 1620 3861 quaeri
1637 3787 1768 3861 potest,
1791 3799 1855 3844 cur
1874 3778 2003 3848 dixerit
2019 3778 2145 3865 Poeta,
2168 3784 2262 3874 pasci

1269 3869 1427 3939 animum
1450 3872 1702 3961 adspicientem
1728 3876 1919 3966 picturam,
1943 3902 2024 3946 cum
2041 3883 2185 3971 quidem
2207 3907 2264 3951 ra-

1268 3971 1428 4040 cordatio
1445 3972 1683 4044 calamitatum
1702 3977 1834 4066 patriae
1851 3979 1966 4048 tristes
1983 3982 2132 4068 gemitus
2153 3997 2188 4052 et
2209 3982 2263 4050 la-

1269 4067 1432 4166 chrymas
1448 4073 1569 4144 cieret:
1597 4089 1714 4145 nmen
1742 4078 1873 4148 multae
1899 4103 2023 4150 causae
2052 4096 2153 4166 sunt,
2178 4073 2263 4174 p'ro-

1269 4188 1347 4265 pter
1366 4198 1453 4267 quas
1477 4188 1569 4245 recte
1592 4176 1697 4261 dicit,
1729 4181 1953 4269 adspectione
1978 4181 2135 4272 picturae
2156 4182 2261 4252 leniri
2290 4262 2293 4267 g

1269 4276 1450 4356 dolorem,
1476 4277 1557 4367 quia
1580 4290 1613 4346 et
1630 4276 1704 4371 ipsa
1720 4280 1863 4350 virtutis
1879 4281 2113 4356 consideratio
2129 4284 2167 4351 in
2182 4297 2262 4354 tan·

1270 4376 1315 4445 tis
1327 4376 1506 4444 aerumnis
1522 4377 1676 4471 aliquam
1693 4381 1808 4450 adfert
1829 4382 2058 4468 levationem3
2084 4385 2214 4454 deinde
2227 4401 2278 4456 et.

1271 4477 1359 4544 illud
1379 4500 1499 4544 verum
1515 4491 1585 4562 est,
1610 4479 1798 4568 gemitibus
1815 4495 1850 4550 et
1874 4477 2064 4576 lachrymis
2080 4486 2180 4579 quasi
2206 4487 2260 4557 la·

1269 4577 1343 4646 xari
1361 4576 1561 4647 animorum
1578 4583 1773 4668 angustias,
1798 4597 1837 4652 ut
1854 4581 1960 4653 Poeta
1976 4585 2108 4678 inquit:

1421 4682 1570 4767 Expletur
1585 4689 1746 4768 lachrymis
1760 4695 1949 4774 egeriturque
1962 4692 2058 4755 dolor.

1268 4775 1513 4871 EtEuripides
1523 4782 1587 4852 ait:
1607 4778 1658 4862 ὡς
1667 4779 1740 4877 ἡδὺ
1752 4778 1899 4880 δάκρυα
1908 4789 1986 4868 τοῖς
1994 4791 2259 4887 κακῶςιιςπον·

1268 4873 1370 4954 dioc.
1420 4878 1502 4952 Non
1519 4885 1633 4954 solum
1650 4899 1768 4956 autem
1790 4899 1991 4958 nostrarum
2007 4913 2126 4961 rerum
2144 4890 2260 4981 pictu-

1268 5006 1325 5063 ra,
1351 4984 1409 5051 sed
1433 4984 1546 5053 multo
1570 4986 1681 5073 magis
1704 4987 1809 5058 etiam
1829 5013 1949 5059 rerum
1967 5005 2124 5062 veterum
2147 4986 2258 5061 histo-

1266 5086 1336 5166 ria,
1360 5084 1544 5176 inquibus
1563 5086 1676 5176 imago
1693 5102 1745 5158 est
1763 5102 1976 5174 nostrarum,
2001 5092 2091 5163 lenit
2107 5093 2258 5171 dolores,

1266 5187 1467 5276 praesertim
1486 5187 1523 5254 in
1538 5183 1714 5274 Ecclesia,
1739 5190 1777 5258 in
1796 5213 1866 5281 qua
1881 5214 2126 5265 veraecausae
2150 5194 2255 5263 misc-

1263 5287 1397 5356 riarum
1431 5300 1466 5356 et
1498 5287 1749 5359 liberationum
1786 5295 2037 5368 ostenduntur.
2095 5292 2255 5366 Primum
2339 5278 2370 5293 '¹

1263 5388 1420 5480 exempla
1436 5390 1628 5463 admonent
1649 5410 1714 5461 nos
1731 5394 1777 5461 de
1798 5393 1987 5480 modestia,
2012 5419 2066 5495 ne¹
2081 5394 2253 5491 inaequa-
