4882 6426
97 340 173 418 498

108 514 176 584 Νο.
194 513 305 583 8886.

100 609 310 642 Μ
916 619 1086 647 Μ

432 668 756 754 Testimonium.

165 820 370 890 Manliifarrag.
405 823 490 878 ,8981
510 825 607 880 .-Α
629 827 744 897 ograpba
758 825 787 881 in
800 827 1004 888 eod.Gotb.19.
1034 831 1091 888 .19.

200 890 268 943 etin
283 894 343 946 cod.
358 841 525 947 81800088.
545 892 597 949 Νο.
637 895 658 948 Ι.
677 913 704 966 p.
718 895 762 951 87.
1015 848 1033 903 P

224 1044 264 1152 S.
276 1043 331 1121 D.
365 1040 552 1118 Omnibus
568 1046 715 1122 lecturis
730 1046 802 1122 tas
821 1049 963 1128 literas.

95 1175 196 1269 Cum
219 1195 379 1265 doctrina
397 1197 490 1266 vitae
503 1199 715 1286 necessaria,
740 1201 862 1271 lumen
876 1196 904 1297 ¹)
920 1201 966 1272 sit
979 1225 999 1271 a
1012 1200 1088 1273 Deo

94 1319 255 1392 sparsum
270 1291 300 1390 ²)
326 1297 365 1365 in
387 1320 513 1387 genere
534 1293 692 1371 humano
719 1302 891 1372 immensa
919 1302 1087 1390 bonitate,

94 1426 161 1472 nec
191 1398 391 1468 conservari
420 1399 496 1468 sine
520 1400 643 1471 divina
668 1427 735 1495 ope
757 1402 885 1495 possit:
930 1398 1086 1475 Oremus

95 1527 192 1585 eom,
225 1524 269 1568 ne
293 1500 397 1569 bellis
419 1514 454 1570 et
473 1501 553 1571 aliis
578 1497 766 1574 hominum
780 1503 962 1574 furoribus
975 1505 1086 1574 deleri

94 1627 205 1687 suum,
224 1601 431 1670 beneficium
452 1602 561 1673 sinat:
588 1606 649 1674 sed
666 1618 707 1675 ut
719 1606 887 1675 accendat
903 1605 1085 1676 doctrinae

91 1726 246 1773 amorem
267 1713 302 1770 et
326 1702 444 1771 studia
466 1702 505 1771 in
530 1706 670 1791 multis,
693 1720 728 1777 et
750 1708 810 1776 det
828 1704 879 1775 eis
892 1707 1084 1799 tranquilla

90 1800 263 1896 hospitia,
297 1816 337 1873 ut
368 1803 444 1895 ipse
476 1828 556 1874 vere
587 1821 797 1895 agnoscatur
821 1821 856 1878 et
878 1807 1083 1881 celebretur.

89 1904 183 1977 Cum
198 1900 256 1973 hic
270 1906 394 1976 doctus
408 1904 464 1973 vir
480 1901 509 2001 ³)
526 1899 712 1977 Sebaldus
725 1902 942 1977 Munsterus
964 1905 1084 2002 (natus

88 2020 190 2100 patre
205 2004 500 2093 Norinbergensi,
523 2007 668 2078 doctore
685 2007 793 2093 luris,
813 2007 927 2101 quiin
946 2004 1084 2078 Acade-

89 2110 163 2178 mia
179 2105 422 2194 Vitebergensi
444 2107 596 2177 fideliter
614 2108 740 2178 didicit
754 2104 789 2203 ⁴)-
810 2107 1083 2180 Iurisconsultu-

88 2234 171 2281 rum
202 2204 415 2301 doctrinam)
451 2222 595 2298 quaerat
626 2203 735 2303 hoc‘)
766 2223 921 2300 tempore
945 2206 1083 2281 Acade-

88 2312 196 2381 miam
227 2309 266 2376 in
294 2306 438 2395 regione
469 2309 662 2402 tranquilla
678 2303 722 2403 ⁸):
756 2311 838 2380 dedi
864 2310 897 2379 ei
922 2313 1082 2382 testimo-

87 2413 207 2495 nium,
239 2422 279 2478 ut
307 2408 445 2479 aditum
476 2410 522 2477 ad
544 2411 795 2499 gubernatores
821 2411 1021 2483 studiorum
1043 2415 1081 2481 in

88 2513 168 2583 aliis
189 2507 391 2580 Academiis
412 2504 541 2580 habeat
564 2511 770 2585 faciliorem.
820 2509 926 2583 Pater
948 2514 1003 2583 vir
1023 2515 1082 2583 in-

88 2612 297 2704 tegerrimus
320 2611 405 2694 fuit,
436 2634 476 2679 ac
496 2613 588 2700 leges
612 2612 782 2682 didicerat
797 2636 870 2680 non
886 2626 1025 2684 tantum
1041 2629 1078 2685 ut

88 2740 130 2785 00
144 2730 219 2787 0010
235 2714 310 2804 paci
323 2711 484 2802 publicae
499 2713 661 2783 serviret:
688 2714 748 2782 sed
763 2712 870 2782 simul
885 2715 988 2783 etiam
1003 2713 1081 2813 ut²)

85 2817 186 2887 illam
201 2810 231 2907 ⁸)
254 2813 407 2883 iustitiae
429 2837 591 2883 normam
608 2814 646 2881 in
662 2815 824 2904 regendis
836 2816 908 2885 suis
921 2817 1081 2887 moribus
1183 2878 1188 2885 .

84 2930 301 3010 sequeretur.
365 2910 413 2983 Et
435 2913 643 2986 adiunxerat
666 2918 710 2985 ad
734 2916 853 2985 civilia
875 2917 990 2986 studia
1021 2943 1080 2988 co-

83 3018 282 3110 gnitionem
297 3016 480 3085 doctrinae
494 3016 663 3097 coelestis,
678 3041 718 3087 ac
732 3040 816 3086 vera
828 3018 956 3108 pietate
964 3018 1077 3089 Deum

83 3120 236 3192 colebat.
295 3115 415 3206 Quare
431 3112 462 3213 9)
496 3117 626 3186 liberos
655 3131 749 3188 recte
775 3117 910 3189 erudiri
932 3121 1078 3210 curavit.

83 3222 248 3313 Cumque
261 3218 299 3289 in
313 3214 382 3288 hoc
398 3217 551 3289 Sebaldo
568 3232 692 3288 natura
709 3219 755 3290 sit
770 3219 918 3309 placida,
943 3233 977 3290 et
991 3220 1078 3291 boni

72 3320 310 3408 0000000101,
337 3332 370 3390 et
391 3320 530 3389 indoles
554 3320 670 3389 omnis
685 3316 730 3414 ¹⁰)
752 3319 933 3391 doctrinae
955 3343 1078 3413 capax:

81 3446 163 3516 spes
184 3435 234 3493 est
248 3418 308 3517 ¹¹),
332 3418 408 3490 Deo
426 3420 588 3506 iuvante,
615 3421 725 3512 patris
738 3421 905 3494 virtutem
920 3419 1079 3494 imitatu-

81 3548 162 3595 mm
196 3546 281 3593 esse.
344 3519 491 3612 lamque
522 3523 724 3591 adolescens
758 3521 884 3593 didicit
910 3519 1078 3592 Latinam

78 3625 261 3715 linguam,
287 3634 321 3690 et
343 3620 445 3689 initia
463 3615 734 3711 Philosophiae,
759 3634 795 3693 et
816 3645 989 3691 summam
1011 3624 1078 3692 do·

80 3726 219 3799 ctrinae
246 3719 531 3791 Ecclesiasticae:
568 3734 805 3815 seque-parat
828 3717 890 3812 ¹²),
922 3735 963 3794 ut
989 3724 1076 3794 olim

78 3821 260 3899 Ecclesiae
285 3822 355 3892 Dei
386 3821 424 3891 in
446 3820 645 3917 ministeriu
668 3820 858 3913 Evangelii
881 3821 1077 3894 necessario

78 3926 220 4000 servat
279 3922 398 4012 Quare
421 3947 543 3993 omnes
564 3924 680 3995 bonos
704 3924 802 3995 viros
823 3947 906 4009 oro,
932 3938 972 3996 ut
994 3947 1076 3995 eum

79 4043 227 4122 propter
259 4025 368 4117 patris
395 4025 621 4109 memoriam,
648 4038 795 4117 propter
822 4025 938 4097 bonos
966 4025 1076 4116 ipsius

77 4151 217 4213 mores,
251 4140 287 4198 et
320 4126 416 4217 piam
451 4125 491 4194 in
518 4123 646 4195 studiis
670 4126 892 4197 voluntatem
918 4141 1076 4200 amanter

78 4230 370 4323 complectantur.
427 4222 509 4297 Erit
541 4224 762 4298 familiaritas
794 4227 872 4299 eius
896 4227 1075 4313 omnibus,

78 4347 224 4425 propter
240 4329 450 4400 modestiam
464 4341 499 4398 et
515 4325 753 4415 integritatem
768 4327 900 4420 ipsius,
923 4343 1021 4420 grata
1034 4325 1075 4425 ¹³)

115 4505 145 4573 1)
162 4504 259 4556 lumen
275 4500 349 4554 deest
361 4496 426 4553 cod.
438 4496 550 4554 180000.
561 4497 606 4555 89.

112 4592 144 4657 2)
163 4585 235 4645 008.
246 4585 360 4639 Monac.
372 4583 415 4638 89.
428 4599 541 4650 sparso·

110 4674 141 4744 8)
159 4676 258 4729 mus
272 4672 328 4734 νίν]
345 4667 588 4726 contionante.
602 4672 777 4726 adoneum.

104 4759 141 4829 ’8)
159 4755 231 4812 008.
240 4753 356 4817 810000.
367 4753 411 4808 89.
426 4751 542 4808 rectius:
560 4756 665 4814 800081.

110 4843 141 4914 8)
158 4840 223 4908 boe]
243 4836 305 4894 eod.
319 4834 487 4894 81000089.
505 4838 534 4890 in
546 4838 605 4893 bos.

110 4928 142 4996 8)
161 4925 231 4983 008.
244 4923 357 4978 Monac.
371 4920 417 4980 89.
431 4922 640 4989 tranquilliore.

110 5011 141 5081 7)
157 5007 230 5063 008.
242 5004 355 5059 Monac.
368 5003 414 5063 89,
431 5004 519 5057 simul
530 5012 563 5055 ut
577 5012 614 5058 et.

110 5095 139 5164 8)
157 5088 352 5148 cansionae.
366 5087 408 5142 89.
424 5085 514 5141 addit:
531 5086 628 5144 etiam.

108 5179 140 5249 9)
157 5175 228 5234 008.
242 5171 413 5227 81000089.
428 5167 517 5225 addit:
538 5178 576 5225 et.

109 5263 158 5333 to)
174 5259 268 5317 omues
285 5257 361 5313 deest
374 5255 438 5312 008.
448 5253 562 5311 Mense.
576 5253 621 5312 89.

109 5346 160 5414 11)
177 5336 426 5400 0001100089.
439 5333 527 5390 andiu
545 5353 621 5392 erun.

106 5428 155 5494 12)
175 5424 244 5481 008.
256 5421 368 5477 Monac.
382 5419 424 5474 89.
434 5428 603 5486 praeparat.

108 5512 158 5583 13)
176 5509 282 5565 Verba:
299 5513 327 5560 et
338 5509 437 5575 integr.
450 5504 503 5570 ι’ρι.
514 5512 618 5572 grata,
641 5503 739 5560 desunt
749 5504 812 5563 008.
825 5505 938 5564 Monac.
951 5507 996 5564 89.

679 347 1109 431 EPISTOLARUM
1166 358 1352 441 LlB.X.
1405 359 1537 446 1547.

925 535 982 597 10.
1002 525 1081 611 Apr.

2058 364 2134 442 494

1142 544 1178 600 01
1190 531 1316 607 suavis.
1358 523 1469 624 8ροοο
1485 536 1589 608 etiam
1606 538 1677 608 Dei
1692 534 1942 628 benignitatem
1958 536 2131 608 maiorem

1142 656 1222 722 erga
1244 629 1339 705 hunc
1354 629 1556 706 Sebaldum
1577 652 1612 710 et
1624 642 1748 710 fratres
1762 640 1917 710 futuram
1930 662 2021 724 esse,
2047 662 2131 730 pro·
2147 631 2152 651 '

1141 747 1218 823 pter
1246 735 1409 806 eximiam
1433 731 1561 834 eius*)
1584 740 1768 831 pietatem,
1802 753 1843 810 ut
1869 741 2037 833 scriptum
2062 753 2129 809 est:

1141 831 1374 908 Generationi
1400 852 1575 910 rectorum
1598 841 1843 926 benedicetur,
1874 864 1965 934 quae
1988 853 2131 910 senten-

1140 933 1188 1005 tia
1205 939 1315 1008 veteri
1328 963 1432 1009 versu
1445 942 1620 1032 praeclare
1636 965 1795 1032 expressa
1812 955 1881 1012 est:

1181 1043 1330 1128 εὐσεβέων
1341 1048 1482 1116 παίδεσσι
1496 1049 1537 1116 τὰ
1548 1048 1643 1131 teitu,
1671 1051 1848 1133 duooefllor
1861 1049 1889 1117 δ’
1904 1049 1954 1120 ot.

1239 1148 1350 1221 Datae
1366 1151 1594 1244 Vitebergae,
1619 1150 1865 1240 Αο001847,
1898 1155 1955 1226 die
1976 1147 2128 1223 Pascha-
2248 1179 2250 1182 ·

1136 1261 1208 1335 tos,
1241 1252 1337 1345 quod
1360 1252 1428 1325 fuit
1452 1256 1497 1325 ab
1520 1255 1615 1327 exitu
1638 1253 1876 1326 israelitarum
1902 1279 1943 1324 er
1967 1249 2129 1350 Aegypto

1135 1347 1270 1421 Pascha
1290 1352 1403 1429 8988.
1455 1354 1527 1426 Το1
1548 1379 1661 1426 annos
1683 1356 1854 1428 continuo
1877 1379 1958 1426 cum
1981 1353 2130 1424 servarit

1134 1446 1327 1522 Ecclesiam
1336 1453 1432 1524 Deus
1445 1456 1617 1527 mirandis
1631 1457 1759 1541 modis,
1782 1478 1963 1546 speremus
1977 1468 2011 1526 et
2024 1453 2129 1524 dein·

1135 1575 1214 1644 ceps
1230 1567 1452 1626 servaturum
1468 1579 1552 1632 esse.

1654 1651 1842 1748 Philippus
1862 1649 2076 1726 Melanthon

1741 1786 1834 1826 manu
1853 1767 1984 1848 propris.

1550 1955 1708 2035 Aliud.

1235 2069 2126 2148 DidicitadolescensLeonordusMunsterusLa-

1132 2171 1244 2244 tinam
1260 2177 1435 2268 linguam,
1462 2194 1496 2250 et
1513 2180 1557 2248 ad
1575 2193 1725 2248 caeteras
1742 2173 1994 2269 Philosophiae
2009 2189 2126 2267 partes

1131 2271 1345 2349 mathemata
1364 2281 1543 2351 adiunxit:
1570 2305 1610 2350 ac
1623 2280 1772 2350 feliciter
1784 2278 1912 2348 didicit
1927 2275 2125 2346 doctrinam

1131 2377 1176 2445 de
1200 2379 1356 2450 motibus
1375 2394 1409 2452 et
1429 2381 1611 2452 effectibus
1635 2381 1808 2451 siderum:
1843 2380 1945 2448 cuius
1968 2375 2123 2466 cognitio

1131 2501 1206 2546 non
1225 2480 1341 2549 solum
1359 2482 1491 2566 dulcis,
1518 2480 1698 2552 sedetiam
1714 2481 1808 2552 vitae
1822 2474 2010 2549 hominum
2025 2475 2124 2546 utilis

1131 2594 1194 2653 est.
1246 2581 1437 2673 Praeparat
1459 2595 1576 2653 autem
1592 2606 1628 2652 se
1643 2584 1687 2651 ad
1701 2594 1812 2651 artem
1827 2578 2010 2651 medicam.
2062 2573 2125 2645 ln·

1130 2691 1222 2747 terea
1254 2697 1288 2752 et
1310 2706 1429 2752 veram
1449 2681 1668 2770 agnitionem
1689 2681 1757 2751 Dei
1778 2682 1823 2750 ad
1848 2693 1982 2749 caetera
2008 2677 2125 2746 studia

1130 2780 1286 2851 addidit:
1323 2807 1404 2853 cum
1430 2782 1574 2877 quidem
1602 2795 1637 2853 et
1660 2794 1808 2875 paterna
1831 2777 2056 2850 institutione
2078 2777 2125 2847 ad

1128 2881 1295 2972 pietatem
1322 2884 1533 2954 assuefactus
1554 2884 1618 2968 sit,
1645 2897 1680 2952 et
1696 2882 1841 2972 vestigia
1854 2880 1922 2952 Dei
1941 2878 1980 2947 in
1997 2891 2125 2948 namra

1129 2982 1266 3067 videat,
1298 3007 1450 3077 quorum
1479 2984 1715 3055 consideratio
1740 2984 1779 3052 in
1801 2975 2028 3074 philosophia
2057 2979 2125 3048 bo·

1128 3106 1192 3151 nas
1206 3099 1342 3156 mentes
1355 3086 1399 3154 nd
1416 3087 1658 3179 quaerendum
1674 3084 1790 3157 Deum
1808 3082 1987 3158 exuscitet.
2022 3077 2125 3168 Qua·

1128 3206 1187 3268 re,
1212 3197 1279 3259 etc.

1139 3554 1206 3626 No.
1222 3555 1336 3631 8887.

1127 3650 1335 3688 m

1968 3555 2121 3678 Q.

1456 3752 1785 3838 Testimonium.

1159 3915 1181 3989 f
1198 3914 1237 3970 Er
1250 3911 1409 4038 epogrrqobis
1420 3912 1450 3967 in
1463 3913 1525 3970 008.
1540 3911 1651 3967 Monac.
1662 3910 1706 3965 88.
1719 3908 1773 3967 No.
1786 3909 1835 3967 lv.
1853 3927 1881 3982 p.
1892 3909 1961 3966 681⁵.
1972 3918 1998 3965 et
2012 3910 2041 3967 in
2055 3913 2120 3966 008.

1225 3983 1335 4041 Mense.
1382 3980 1462 4040 .No.
1477 3979 1539 4036 vu.
1558 3999 1586 4054 p.
1600 3977 1687 4036 Mb.

1124 4137 1418 4227 „Testimonium
1442 4131 1672 4210 Udolrici
1693 4129 1901 4232 Sitzing,
1934 4129 2120 4209 Wormo·

1202 4241 1350 4316 riensi?
1364 4239 1405 4340 ¹).
1453 4229 1639 4311 Omnibus
1657 4233 1804 4310 lecturis
1821 4231 1895 4309 ltus
1914 4232 2045 4309 literas

1123 4375 1169 4467 S.
1193 4391 1237 4463 D.
1288 4388 1423 4459 Verum
1445 4400 1514 4471 est,
1544 4408 1606 4454 soa
1628 4407 1803 4478 quemque
1821 4383 1952 4453 virtute
1968 4381 2119 4452 maxime

1125 4518 1162 4565 se
1184 4490 1432 4561 commendare
1450 4485 1555 4556 bonis
1569 4499 1604 4557 01
1619 4485 1854 4576 prudentibus
1866 4483 1964 4558 viris.
2014 4478 2063 4552 Et
2078 4482 2118 4551 iu

1126 4589 1257 4666 Ulrico
1272 4583 1739 4682 SitzingerWormaciensi
1755 4580 1784 4680 ²)
1800 4585 1889 4654 adeo
1904 4583 2018 4655 multa
2033 4595 2118 4653 sunt

1126 4705 1352 4772 ammenta,
1384 4701 1519 4761 utnon
1542 4687 1723 4768 dubitem,
1756 4681 1923 4756 honestos
1945 4698 1979 4755 et
1994 4687 2118 4754 doctos

1125 4797 1222 4865 viros
1239 4793 1335 4867 ultro
1358 4804 1393 4862 et
1416 4788 1582 4880 privatim
1606 4811 1688 4857 eum
1708 4787 1952 4877 complexuros
1967 4808 2058 4869 esse,
2082 4798 2118 4854 et

1123 4897 1281 4987 ingresso
1304 4894 1344 4962 in
1367 4916 1407 4961 ca
1431 4889 1565 4973 studia,
1596 4912 1686 4982 quae
1701 4888 1807 4956 duces
1818 4887 1894 4956 fore
1909 4888 1954 4955 08
1971 4908 2117 4977 rempu-

1124 4998 1253 5067 blicam
1277 5014 1469 5085 speramus.
1518 4986 1609 5060 Nam
1634 5002 1668 5058 et
1688 5000 1814 5058 natura
1837 4999 1888 5057 est
1901 5009 2022 5056 amans
2042 4986 2116 5054 vir-

1123 5097 1208 5170 tutis
1227 5110 1262 5168 et
1278 5094 1454 5179 veritatis,
1479 5091 1678 5162 moderatus
1695 5101 1729 5160 et
1743 5088 1878 5179 gravis,
1895 5089 2116 5196 01080010·
2133 5126 2136 5130 ·

1123 5241 1331 5264 annau—a-

1155 5332 1186 5404 *)
1204 5333 1275 5400 eius]
1295 5329 1357 5387 008.
1371 5328 1483 5384 Monac.
1495 5328 1538 5383 89.
1553 5337 1715 5396 parentum,

1158 5421 1186 5485 1)
1205 5416 1274 5473 008.
1287 5414 1399 5470 Monac.
1412 5413 1457 5469 90.
1478 5410 1634 5480 Siteingerr'
1641 5412 1862 5481 Nortbergensis.

1155 5503 1185 5572 2)
1205 5499 1274 5554 008.
1288 5497 1400 5555 Monac.
1412 5497 1455 5553 90.
1468 5495 1678 5563 8008000000.
