4882 6426
191 312 267 386 90³
763 302 1225 385 EPISTULARUM}

194 473 329 549 Rector
356 422 573 546 Academiae
602 472 674 547 W
667 475 753 550 iret.
787 470 822 548 C
828 503 878 548 as
884 503 909 576 p
919 503 1034 549 orus
1061 472 1123 551 Gr
1133 504 1155 548 a
1166 518 1185 539 ι-

363 634 366 639 .
450 574 890 670 ·.ciger‚·Doctor.›
952 616 956 625 ·
1055 618 1058 625 =
1112 614 1116 621 ·

195 707 272 798 Vir
286 726 441 795 medicus
459 710 580 792 multis
598 724 676 791 aliis
691 725 925 815 praestantior
935 710 1057 810 unus,¹
1069 724 1187 819 iuquit
1228 762 1231 769 ·

196 825 385 895 Homerus.
440 824 567 895 Talem
586 816 728 919 quidem
751 826 1047 915 fuissemedirum
1066 820 1187 893 erudi-

196 927 312 1007 tione,
342 926 537 1007 industria,
569 925 875 1015 fide,'sagacitate
897 939 942 994 et
973 927 1186 1016 experientia
1255 971 1259 979 ι

198 1027 440 1107 excellentem,
465 1025 581 1093 virum
597 1018 828 1094 clarissimum
847 1022 1035 1094 Ductorem
1054 1020 1185 1118 Augu-

197 1124 334 1197 stinum
353 1118 512 1225 Schurff
524 1124 647 1210 multi,
661 1127 790 1215 experti
807 1127 967 1194 foeliceru
986 1127 1096 1223 ipsius
1112 1149 1187 1192 me-

198 1226 430 1308 dicationem,
462 1239 497 1322 et
528 1224 627 1312 digni
659 1226 728 1313 fide
755 1241 887 1296 norunt
913 1241 946 1295 et
972 1228 1185 1317 praedicant.

198 1322 312 1397 Erant
334 1338 450 1395 autem
472 1340 507 1394 ct
531 1322 617 1395 aliae
640 1326 677 1392 in
703 1351 743 1395 eo
762 1326 907 1395 virtutes
928 1326 1067 1408 oririi'es,
1091 1328 1185 1394 bono
1252 1384 1261 1398 .

199 1442 233 1497 et
256 1427 353 1514 gravi
379 1426 455 1493 viro
478 1426 744 1521 convenientes,
768 1427 904 1523 ¹agnitio
930 1442 963 1521 et
987 1412 1093 1501 ‘cuiun
1108 1418 1187 1511 Dei,

198 1527 336 1595 iusticia
361 1527 400 1597 in
419 1527 517 1623 omui
535 1527 670 1611 officio,
696 1528 882 1621 prudentia
908 1528 944 1596 in
961 1512 1188 1615 griberuatio·

199 1652 245 1695 ne
267 1627 456 1696 domestica
482 1640 516 1695 et
541 1628 692 1718 publica.
750 1624 983 1721 Praecipuum
999 1641 1121 1723 'irritem
1151 1651 1187 1697 m

202 1741 274 1797 toto
288 1750 413 1815 genere
429 1721 583 1795 humano
600 1731 705 1795 deeris
729 1734 780 1797 est
793 1728 997 1797 coniunctio
1016 1726 1185 1796 virtutum

201 1854 281 1896 cum
307 1828 507 1916 cognitione
536 1842 680 1896 naturae
711 1820 863 1915 reruin',
886 1822 1088 1917 praesertim
1113 1852 1186 1894 uon

200 1930 317 1997 ociosa
339 1931 398 1997 sed
416 1952 504 2020 (prae
525 1931 566 1994 ad
587 1942 740 1997 caeteros
756 1924 917 1996 homines
933 1929 1106 1996 iuvandos
1130 1952 1187 1996 re-

200 2032 328 2098 fertur:
355 2031 449 2120 quod
473 2030 577 2096 fiebat
598 2030 642 2096 ab
667 2024 732 2097 hoc
758 2030 852 2113 viro,
880 2030 940 2121 qni
963 2044 997 2097 et
1019 2029 1057 2096 iu
1075 2030 1188 2095 medi-

201 2131 313 2197 cando
330 2141 404 2197 erat
423 2129 616 2210 officiosus,
637 2154 676 2197 ae
691 2130 811 2197 multis
827 2155 929 2220 opem
947 2129 1028 2197 tulit
1052 2130 1090 2196 in
1113 2153 1187 2196 ma-

202 2230 282 2317 gnis
297 2231 388 2299 vitae
409 2230 587 2319 periculis,
613 2243 647 2298 et
667 2231 817 2297 multum
842 2230 1034 2318 posteritati
1054 2229 1189 2319 profuit

201 2332 240 2397 in
263 2331 347 2397 artis
364 2331 623 2419 propagatione.
675 2329 829 2398 Mirifice
850 2331 944 2397 enim
968 2329 1103 2396 eius-in
1122 2332 1189 2396 do·

202 2433 314 2499 cendo
342 2431 528 2513 dexteritas
545 2429 637 2510 -fuit,
652 2452 708 2507 2ac
731 2442 813 2499 vere
835 2433 879 2499 cle
903 2454 946 2498 eo
970 2430 1040 2496 diei
1065 2442 1189 2519 potest,

202 2533 295 2618 quod
321 2528 422 2599 Plato
438 2533 481 2598 de
503 2528 608 2622 Lysia
631 2531 762 2622 inquit:
795 2523 1056 2619 philosophiam
1079 2529 1189 2619 ipsius

201 2647 346 2698 naturae
373 2631 512 2699 insitam
535 2631 652 2701 fuisse.
703 2624 780 2699 Etsi
804 2631 911 2719 igitur
926 2630 1088 2700 dubitare
1116 2654 1188 2697 non

202 2732 388 2814 debemus,
409 2732 498 2823 quin
514 2732 608 2800 beati
631 2731 721 2814 sint,
740 2745 782 2800 nt
798 2733 956 2800 doctrina
974 2731 1037 2799 filii
1055 2728 1120 2799 Dei
1137 2733 1189 2798 af—

202 2833 336 2914 frrmat,
363 2833 481 2923 quiin
503 2832 647 2899 domino
668 2832 885 2915 moriuntur,
912 2846 944 2901 et
966 2829 1100 2900 Doctor
1114 2828 1190 2899 Au-

202 2932 379 3021 gustinus,
405 2958 484 3002 cum
502 2946 602 3000 antea
630 2933 684 3022 pie
703 2933 846 3016 vixerit,
872 2946 947 3001 tum
966 2933 1099 3001 veroin
1123 2924 1189 3000 boc

203 3048 358 3103 extremo
380 3056 494 3122 agone.
510 3056 546 3100 se
562 3033 635 3101 Deo
651 3032 810 3125 qnotidie
826 3033 1030 3101 ardentibus
1047 3033 1136 3102 votis
1154 3046 1189 3099 et

203 3135 384 3226 precibus,
412 3134 448 3203 in
464 3134 643 3221 agnitione
664 3148 698 3202 et
714 3131 847 3205 ‚fitlucia
862 3133 926 3201 filii
940 3130 1027 3215 Dei,
1052 3133 1188 3200 domini

203 3235 317 3304 nostri
334 3235 415 3303 lesu'
428 3230 578 3325 Christi,
594 3235 907 3317 commendaverit,
925 3235 970 3302 ad
987 3233 1188 3300 coelestium

204 3320 497 3405 eonsuetudinerii
521 3326 736 3413 discesserit,
769 3330 831 3400 irbi
860 3334 992 3402 fruitur
1019 3333 1187 3424 sapientia

202 3434 266 3505 titii
282 3433 366 3519 Dei,
392 3434 650 3503 et'dulcissimis
665 3435 886 3501 sermonibus
903 3446 1059 3501 veterum
1076 3434 1188 3499 medi-

204 3559 343 3620 corum,
371 3528 514 3624 loseph,
538 3531 664 3602 Esaiae
681 3547 714 3602 et
729 3533 896 3623 similium
914 3536 1044 3602 de'tota
1069 3558 1188 3602 rerum

204 3630 348 3705 natura:
378 3650 493 3721 tamen
517 3624 762 3711 nostra'eausa
783 3635 982 3719 doleamus,
1008 3634 1111 3702 talem
1136 3633 1188 3701 vi-

203 3761 284 3807 rum
308 3731 441 3825 eahae
458 3726 714 3825 ¹consuetudine
739 3748 859 3804 nostra
887 3738 1077 3827 abductum
1107 3746 1189 3814 esse,

204 3842 266 3931 qui
287 3837 420 3908 diutius
438 3837 529 3924 reip.
548 3837 712 3935 prpdesse
727 3850 875 3927 poterat.
928 3834 1000 3907 Res
1021 3834 1188 3917 ostendit,

204 3963 284 4007 cum
301 3952 373 4008 tam
392 3932 497 4006 multi
507 3937 628 4005 'tristes
645 3952 791 4025 eventus
812 3951 1024 4032 concurrant
1046 3928 1102 4002 his
1121 3934 1189 4005 'an-

204 4036 278 4122 rtis,
303 4041 375 4108 fato
398 4036 570 4127 singulari
589 4016 1004 4138 urgeri'lpeiiipublicam,
1024 4037 1189 4143 quud—'ut
1298 4060 1327 4085 ··

203 4139 340 4227 miti'g'et
358 4138 452 4207 filius
468 4137 555 4223 Dei,
578 4134 667 4251 qui,¹
680 4138 851 4236 iie't'otmu
868 4160 976 4228 genus
990 4130 1187 4219 humanum

202 4242 368 4331 periret,
389 4240 529 4308 victima
552 4252 617 4330 'pro
639 4228 746 4310 abbis*
763 4207 843 4308 'deti
867 4226 997 4320 voluit,
1030 4226 1188 4305 'oramus

202 4339 299 4411 Haec
316 4342 354 4410 in
369 4341 554 4410 funeribus
569 4341 752 4428 cogitanda
776 4354 876 4422 sunt,
896 4353 929 4408 et
953 4338 1044 4408 serio
1067 4351 1188 4427 peten-

204 4444 289 4511 dum
305 4457 372 4525 est,
393 4456 432 4511 ut
446 4439 542 4511 Dens
559 4439 595 4508 in
612 4440 664 4509 ira
681 4440 942 4509 misericordiae
965 4463 1047 4508 suae
1070 4463 1188 4507 recor-

203 4546 323 4628 detur,
350 4560 384 4612 et
398 4557 512 4611 servet
525 4543 669 4631 aliquod
685 4566 801 4610 semen
817 4541 1049 4631 sanctumjp,
1058 4535 1114 4658 pis
1133 4564 1188 4607 re-

130 4723 133 4727 ,
203 4620 386 4734 giuuibgis,
411 4656 449 4711 nt
466 4643 647 4731 posteritas
664 4638 836 4711 Ecclesiae
853 4654 893 4709 et·
907 4626 1097 4721 mediu'c'cta
1110 4632 1187 4713 bo-

203 4745 306 4832 spitia
324 4740 469 4835 habeat,
487 4744 523 4810 in
545 4744 673 4837 quibus
691 4744 805 4835 luerat
818 4742 1028 4835 noticiafitii
1043 4738 1128 4822 Dei,
1155 4754 1187 4808 et

200 4842 296 4914 Deus
314 4834 612 4927 nerf‘iniocetur.
636 4824 896 4935 ”Nequaquam
914 4814 1185 4925 &dissentaneum

203 4960 272 5026 est,
304 4960 416 5039 gtqus
435 4939 648 5025 humanum,
665 4943 720 5011 atu*
742 4944 816 5035 qud
838 4945 929 5013 lucet
953 4940 1087 5029 aginno
1109 4939 1174 5009 Dei

202 5059 237 5113 et
258 5054 383 5134 magna
406 5045 616 5132 praestantia
640 5058 689 5112 est
713 5061 877 5126 naturae,
903 5056 1039 5112 tantum
1057 5043 1101 5108 ad
1124 5036 1186 5108 has

201 5146 361 5234 ingentes
377 5145 532 5212 miserias
545 5145 725 5212 conditum
747 5167 835 5230 esse,
862 5156 897 5212 et
916 5166 997 5210 casu
1019 5141 1091 5231 regi
1112 5142 1166 5209 sin

201 5246 288 5317 Deo.
342 5244 425 5313 ldeo
444 5245 598 5333 ipsarum
622 5244 850 5313 miseriarum¹
868 5243 1101 5312 consideratio
1122 5265 1186 5310 nos

1258 5122 1270 5163 ι

1169 5165 1187 5209 e
1232 5122 1322 5280 ged,
1347 5196 1377 5264 si
1402 5198 1758 5313 PF9dlbl¹¹¹lfl⁸⁶r⁰l³
1779 5203 1823 5267 de
1841 5198 2008 5284 Interim,
2028 5220 2160 5271 'narsus
2181 5201 2215 5268 in

204 5347 406 5429 confirmet,
442 5359 481 5413 ut
508 5368 588 5412 vere
611 5359 829 5434 expectemus
851 5346 955 5424 aliam
981 5343 1109 5434 vitatu,
1139 5334 1186 5410 'in
1232 5292 2214 5500 :mxii'ffiffligffiqzwffiglqtffi:ggtrsppqiuqqg

1631 5468 1634 5474 ·
1827 5454 2142 5491 sz-..s-„m

2117 257 2124 266 “
2157 303 2235 381 sot

1242 308 1441 403 arnan
1495 308 1640 381 aare..

1236 503 1306 572 qua
1318 476 1394 548 ltin
1402 479 1534 567 agnitio
1548 491 1591 547 et*
1601 491 1755 567 caeterae
1769 477 1916 545 virtutes
1922 516 1938 554 ,·
1947 496 2038 567 quae
2057 466 2232 541 inchoan-

1234 597 1292 649 tur
1312 582 1350 647 iu
1365 575 1430 648 hac
1448 579 1721 660 imbecillivita,
1748 578 1992 667 perficiantur:
2021 587 2057 641 et
2078 574 2231 641 sciamus

1234 677 1324 751 lianc
1340 696 1472 772 partem
1489 680 1625 771 generis
1642 674 1906 774 humaui,quae
1923 673 2149 764 amplectitur
2163 696 2228 743 vo*

1234 806 1308 850 cem
1323 779 1530 870 Evangelii,
1548 804 1636 859 ,rere
1648 777 1859 873 ,praeparari
1884 778 1927 844 ad
1954 775 2059 863 illum
2077 766 2229 862 portum,

1234 897 1267 949 et
1283 879 1375 950 banc
1394 894 1528 971 partem
1545 880 1618 949 Deo
1634 870 1738 950 curae
1754 902 1847 962 esse,
1861 891 1896 946 et
1914 876 2008 945 inter
2026 896 2154 973 magna
2169 896 2230 963 pe-

1234 981 1368 1070 ricula,
1392 996 1426 1061 et
1448 983 1540 1071 inter
1564 993 1670 1048 tetras
1684 979 1907 1048 confusiones
1926 974 2065 1065 generis
2079 969 2230 1069 humani

1233 1082 1384 1171 serrari,
1412 1084 1452 1172 itt
1465 1079 1665 1174 sintaliqui
1683 1081 1726 1176 de
1740 1076 1816 1147 Deo
1835 1091 1948 1148 testes.

1235 1240 1257 1271 =.
1306 1254 1313 1274 ι
1331 1181 1452 1273 llpiius
1468 1181 1576 1275 etiam
1586 1179 1658 1266 diei
1668 1174 1817 1248 historia
1831 1178 1969 1245 illustre
1986 1172 2230 1273 testimonium

1234 1296 1284 1357 est
1300 1299 1484 1361 secuturae
1500 1281 1610 1361 vitae,
1627 1279 1720 1375 ‚quia
1748 1301 1874 1366 magna
1897 1276 2086 1345 multitudo
2098 1262 2229 1379 Eccle-

1233 1407 1303 1471 siae
1314 1383 1402 1473 vidit
1419 1396 1453 1451 et
1466 1377 1652 1449 filiurnDei
1661 1380 1905 1448 resuscitatum
1923 1401 1964 1445 ex
1979 1389 2091 1445 morte
2106 1397 2231 1465 ascen7

1234 1486 1374 1555 dentem
1388 1482 1599 1574 inpoelum,
1625 1492 1662 1548 et
1681 1479 1827 1551 comites
1844 1478 1949 1560 alios,
1977 1477 2037 1567 qui
2056 1500 2097 1544 ex
2113 1487 2229 1543 morte

1151 1627 1161 1644 ·
1234 1583 1458 1668 revixerant,
1484 1581 1547 1673 qui
1569 1566 1751 1677 Apostolis
1776 1594 1809 1650 et
1834 1576 1912 1646 aliis
1940 1576 2133 1644 familiares
2154 1572 2229 1642 fue·

1183 1722 1187 1731 ·
1234 1697 1336 1767 runt,
1363 1683 1565 1757 non'solum
1579 1680 1670 1749 utin
1687 1678 1777 1762 illis,
1803 1681 1861 1747 sed
1878 1677 1997 1768 potius
2010 1691 2051 1747 ut
2069 1675 2108 1742 in
2127 1674 2228 1742 nobis

1235 1807 1332 1873 spem
1356 1795 1391 1850 et
1411 1781 1686 1872 expectationem
1711 1793 1892 1849 secuturae
1918 1778 2012 1846 ritae
2038 1776 2227 1845 confirma·

1235 1897 1325 1951 rent.
1377 1879 1453 1950 Hac
1479 1872 1815 1979 cogitationexetiarn
1840 1901 1905 1947 nos
1928 1878 2164 1947 accendamus
2186 1876 2226 1977 ad

1234 1982 1498 2075 precationem,¹
1516 1994 1748 2071 acpetamus,
1762 1994 1803 2049 ut
1821 1979 1930 2071 aliqui
1948 1992 2068 2047 coetus
2084 2000 2226 2044 serven-

1235 2099 1312 2166 tur,
1347 2084 1407 2175 qui
1432 2083 1518 2153 fiant
1547 2076 1714 2151 haeredes
1738 2080 1836 2150 illius
1859 2096 2021 2149 aeternae
2049 2103 2130 2179 cum
2155 2077 2225 2147 Deo

1236 2184 1512 2275 consuetudinis.
1543 2179 1739 2250 Hortamur
1763 2183 1868 2269 igitur
1884 2181 2064 2249 auditores
2080 2191 2226 2260 nostros,

1236 2298 1275 2353 ut
1296 2279 1402 2351 hodie
1425 2280 1510 2359 hora
1527 2282 1733 2350 eltrudeeima
1757 2286 1800 2351 ad
1818 2284 1923 2357 sunus
1941 2297 1974 2350 et
1990 2284 2035 2348 ad
2056 2277 2225 2368 precatio·

1236 2409 1317 2452 nem
1344 2409 1565 2453 communem
1589 2408 1651 2472 pro
1678 2396 1748 2452 tota
1773 2378 1927 2451 Ecclesia
1951 2397 1984 2450 et
2010 2381 2117 2447 uobis
2143 2379 2223 2468 ipsis

1236 2485 1457 2558 conveniant
1510 2485 1644 2554 Leveut
1658 2485 1764 2553 etiam
1779 2478 1846 2551 hoc
1864 2485 1939 2572 ipso
1958 2482 2075 2551 officio
2094 2481 2224 2548 luctum

1236 2587 1305 2653 viri
1324 2585 1540 2677 ²clarissimi,
1573 2585 1761 2672 sapientia,
1795 2585 1993 2656 eruditione
2028 2597 2064 2651 et
2099 2580 2224 2657 virtute

1236 2687 1490 2776 praestantis,‚·
1510 2683 1555 2758 D.
1590 2681 1812 2776 Hieronymi
1843 2677 2015 2784 Seliurff,
2065 2681 2225 2761 Doctoris

1237 2788 1421 2878 utriusque
1446 2786 1552 2868 iuris,
1592 2785 1654 2877 qni
1683 2787 1825 2854 fratrem
1849 2809 1922 2851 uon
1945 2787 2062 2869 solum
2088 2797 2226 2872 propter

1236 2889 1431 2957 naturalem
1443 2887 1741 2968 coniunctionem,
1757 2888 1815 2952 sed
1837 2880 1939 2952 etiam
1959 2900 2106 2974 propter
2123 2883 2225 2972 ipsius

1236 2988 1436 3077 ingenium,
1469 2988 1705 3055 eruditionem
1731 3000 1766 3054 et
1789 2987 1935 3055 virtutes
1963 2986 2066 3053 valde
2097 2982 2224 3055 dilexit.

1237 3089 1342 3160 Scitis
1366 3078 1482 3157 autem
1510 3084 1636 3156 horum
1660 3089 1812 3153 duorum
1833 3087 1989 3155 virorum
2013 3100 2047 3153 et
2065 3085 2224 3152 voluuta-

1236 3205 1306 3258 tem
1321 3178 1527 3278 erga'totam
1540 3185 1731 3278 Rempubl.
1749 3181 1976 3269 christianam
2002 3186 2114 3254 fnisse
2140 3183 2224 3274 opti·

1237 3275 1349 3373 mam,
1376 3304 1410 3361 et
1435 3314 1494 3359 eos
1515 3291 1605 3357 bene
1628 3289 1771 3354 meritos
1788 3312 1860 3355 esse
1875 3290 1918 3356 de
1935 3288 2058 3355 multis
2072 3280 2223 3354 honestis

1237 3386 1457 3475 hominibus,
1510 3387 1652 3457 Talium
1668 3386 1828 3463 ‚virorum
1851 3388 2021 3456 memoria
2044 3387 2221 3456 retinenda

1237 3507 1299 3559 est.
1356 3493 1415 3562 10.
1433 3488 1541 3572 Maii,
1571 3486 1681 3560 1548.

1236 3853 1302 3926 No.
1317 3851 1429 3926 4238.

1242 3948 1413 3977 Μ

1528 4036 1587 4122 Μ.
1616 4033 1926 4148 Met'enburgio.

1314 4231 1318 4237 .
1329 4191 1417 4264 Epist.
1430 4191 1480 4246 lib.
1493 4191 1527 4244 V.
1546 4210 1573 4263 p.
1588 4192 1640 4245 606
1652 4212 1711 4264 sqq.

1235 4341 1480 4461 Mitt-ageli
1500 4343 1860 4443 dfeienburgio,
1883 4346 2212 4425 soasuIiNortdus.

1234 4464 1281 4563 S.
1302 4490 1346 4565 D.
1405 4490 1659 4562 Honestissime
1686 4497 1742 4580 vir
1774 4509 1809 4563 et
1833 4493 2005 4580 Patrone,
2038 4521 2078 4566 ac
2114 4498 2211 4566 amice

1235 4589 1448 4665 charissime.
1476 4590 1557 4662 Etsi
1568 4577 1879 4684 s'rlebb'r'ecentiora
1896 4580 1936 4663 ex
1952 4595 2143 4668 Conventu
2160 4595 2211 4666 ha-

1234 4694 1342 4778 betis,
1368 4718 1475 4786 quam
1491 4716 1573 4781 ego,
1600 4708 1719 4763 tamen
1736 4696 1813 4763 misi
1829 4692 2003 4787 pagellam
2027 4700 2071 4766 de
2087 4697 2213 4789 praeei-

1233 4795 1314 4886 puis
1344 4794 1461 4873 rebus.
1480 4844 1496 4858 .·
1518 4792 1749 4889 Magigtqurq,
1761 4793 1976 4893 ¹digestarum,¹
1993 4801 2215 4887 ,retinuerunt

1177 4995 1187 5024 ,
1231 4896 1386 5065 ppimnm
1405 4918 1483 4971 mea
1493 4895 1643 4978 itinera,
1665 4911 1787 4999 postea
1804 4912 1837 4971 et
1846 4899 2101 4991 'occrrpationes
2118 4922 2213 4969 meae.

1268 5020 1285 5063 e

1291 4972 1655 5095 ,audentiusauui'etis
1665 4984 1818 5095 'ipsdm¹;¹
1832 4992 2083 5078 Uei'be'neficio
2092 5049 2103 5077 ,
2112 5020 2119 5031 ·
2129 5020 2215 5070 nunc

1284 5082 1379 5165 iderti
1397 5079 1597 5167 rri'eilid‘cris'
1617 5080 1669 5167 dit
1681 5086 1930 5191 'tranquillitas'
1953 5112 1999 5178 et,
2011 5100 2214 5192 frequentia.

1260 5074 1270 5093 't

1272 5123 1282 5163 l
