4882 6436
283 345 360 425 247
866 339 1297 421 EPISTOLARUM
1361 347 1471 420 LlB.
1506 348 1552 426 X.
1615 342 1750 422 isto.
2249 343 2326 416 248

285 534 341 593 tus
365 534 432 604 est,
462 513 559 590 haud
583 520 705 610 procul
723 517 864 588 Werda
887 517 1148 608 etNeoburg0‚
1181 515 1277 608 quod
1329 520 1447 590 dimus
1463 516 1619 592 humana
1634 521 1807 613 praesidia
1823 520 1957 588 incerta
1973 538 2058 589 esse.
2111 513 2232 602 Quare
2249 539 2332 584 ore-

285 646 400 712 nuper
421 645 439 690 a
455 618 603 691 Caesare
625 635 804 712 receptum
825 635 886 695 est.
938 619 1084 689 lnterim
1102 618 1279 687 velitatio-
1331 650 1410 692 mus
1426 623 1562 707 Deum,
1585 638 1625 695 ut
1642 624 1716 714 ipse
1732 632 1852 712 pacem
1871 620 2033 689 restituat
2050 630 2083 686 et
2101 631 2264 707 protegat
2278 618 2334 686 fa-

286 723 394 793 nibus
409 723 632 793 creberrimis
644 723 812 816 utrinque
829 725 1026 792 decertatur
1042 723 1176 792 maiore
1188 716 1280 788 Cae·
1331 726 1448 794 miliae
1464 740 1618 810 nostras,
1644 727 1733 794 sicut
1747 724 1882 817 inquit:
1909 715 2104 789 Liberavit
2122 741 2334 815 pauperem,

285 825 508 894 sarianorum
534 825 631 894 clade
654 850 758 917 quam
782 839 1003 905 nostrorum,
1033 825 1141 916 idque
1163 834 1203 891 ut
1224 845 1281 888 ar·
1333 825 1394 898 cni
1407 852 1480 897 non
1496 837 1573 898 erat
1589 821 1750 896 adiutor.

285 927 403 996 bitror
424 940 568 1017 propter
589 928 749 996 locorum
766 929 1020 1017 ignorantiam,
1046 950 1135 1017 quae
1148 922 1281 1013 Hispa·
1379 943 1384 955 “
1435 930 1561 1000 Adfert
1595 929 1748 998 nuncius
1779 927 1899 997 literas
1931 927 1976 993 ab
2003 917 2231 1021 Aurrjabro,
2269 925 2331 992 sed

207 1058 210 1063 ’
287 1028 345 1097 nis
378 1043 412 1099 et
441 1028 539 1097 Italis
573 1029 653 1119 plus
677 1030 791 1098 adfert
815 1030 1140 1110 incommodorum,
1176 1048 1282 1118 quam
1334 1033 1417 1124 quia
1434 1035 1551 1101 iudico
1566 1031 1741 1123 copiosius
1759 1029 1923 1120 scriptam
1939 1051 2012 1095 esse
2028 1027 2212 1115 epistolam
2224 1046 2332 1116 qrram

287 1132 437 1214 nostris,
471 1130 541 1198 nisi
563 1124 1283 1222 quatenusinterimasatellitioEpisco-
1334 1136 1377 1202 ad
1400 1159 1456 1202 me
1479 1134 1593 1219 misit,
1624 1130 1715 1202 hanc
1742 1132 1846 1200 etiam
1872 1129 1973 1198 vobis
1988 1128 2103 1199 mitto.
2154 1123 2333 1196 Existimo

287 1256 416 1325 porum
433 1226 499 1300 hac
515 1232 554 1300 in
571 1256 609 1299 re
627 1233 806 1304 iuvantur.
1333 1250 1450 1306 autem
1465 1236 1755 1305 deliberationem
1766 1220 1918 1302 vestram
1935 1231 2069 1298 differri
2084 1229 2205 1319 posse'
2221 1216 2332 1297 Mitto

392 1332 523 1422 Magna
546 1334 621 1402 lues
641 1348 742 1403 vexat
758 1331 960 1417 Caesarem,
990 1345 1095 1423 atque
1111 1331 1218 1414 adeo,
1243 1343 1284 1398 ut
1336 1339 1436 1407 vobis
1456 1339 1607 1428 pagellas
1624 1360 1702 1404 meo
1721 1343 1829 1406 more.
1880 1330 2081 1402 Benevola
2133 1328 2334 1400 Diffunde-

291 1449 402 1506 castra
426 1436 471 1504 ab
487 1432 702 1523 ingolstadio
722 1438 767 1503 ad
781 1433 1004 1522 Neoburgam
1020 1433 1208 1502 transferre
1224 1456 1284 1499 co·
1335 1439 1426 1509 timo
1443 1436 1611 1510 Octobris
1625 1431 1675 1532 ¹⁵),
2082 1427 2281 1522 Philippus.

290 1550 389 1606 actus
420 1537 483 1620 sit,
524 1537 710 1605 intervallo
738 1537 848 1607 trium
874 1534 1068 1604 miliarium
1095 1560 1114 1601 a
1140 1533 1283 1603 nostris.

291 1636 418 1726 Magni
431 1637 600 1729 utrinque
615 1639 726 1706 animi
743 1639 1015 1727 significationes
1028 1639 1201 1719 eduntur,
1227 1659 1284 1702 ar-

228 1806 248 1837 ,
290 1739 489 1808 dentissimi
513 1741 557 1809 ad
580 1740 810 1831 pugnandum
836 1741 947 1808 animi
971 1739 1112 1829 publice
1136 1738 1284 1825 vulgan-
1336 1718 1401 1788 ΝΟ·
1416 1717 1527 1793 3576·
2157 1730 2212 1787 12·
2228 1719 2300 1784 Oct.

267 1853 369 1925 ‚tur,
403 1840 490 1909 adeo
518 1853 559 1909 ut
589 1856 752 1911 constans
775 1842 845 1940 iam
868 1843 961 1910 fama
986 1840 1049 1925 sit,
1077 1835 1284 1908 hesternum
1342 1816 1553 1851 m
1750 1866 1943 1951 Eidem„
2149 1811 2321 1840 Μ

291 1942 384 2010 'diem
407 1966 534 2033 nempe
551 1940 686 2026 XXIX.
701 1941 879 2034 Septemb.
898 1965 1037 2033 pugnae
1060 1940 1285 2017 destinatum,
1911 1932 1920 1950 ⁸

293 2043 337 2112 de
372 2044 472 2113 cuius
507 2060 635 2114 eventu
665 2046 837 2113 nuncium
863 2045 900 2112 in
924 2039 1029 2112 horas
1055 2056 1286 2132 expectamus,
1438 2034 1522 2104 Epist.
1542 2031 1773 2106 tib.vt.p.123.

291 2143 431 2214 utinam
451 2146 603 2230 loetum,
635 2146 739 2214 video
754 2160 892 2237 praeter
908 2158 989 2214 vota
1004 2140 1098 2212 nibil
1115 2143 1187 2212 esse
1202 2141 1287 2209 reli-

292 2271 415 2339 quum,
437 2243 537 2334 Quae
551 2261 668 2317 tamen
684 2270 757 2316 non
773 2247 847 2316 sore
864 2247 964 2315 irrita
980 2269 1171 2338 speramns.
1198 2241 1287 2314 Cae-

291 2371 351 2417 sar
373 2343 469 2416 haud
491 2349 600 2417 dubie
617 2349 655 2415 in
670 2346 831 2439 Regione
847 2347 1114 2435 Wirtehergica
1132 2344 1288 2415 decrevit
1337 2323 1381 2414 S.
1409 2341 1452 2411 D.
1511 2340 1622 2424 Vere,
1656 2353 1696 2407 ut
1722 2352 1761 2406 tu
1788 2337 1931 2421 scribis,
1964 2347 2103 2426 praeter
2127 2345 2208 2402 vota
2236 2326 2332 2400 nihil

291 2443 510 2542 hybernare,
542 2449 613 2518 nisi
641 2466 825 2542 praerepta
848 2451 994 2519 victoria
1022 2450 1124 2518 aliter
1144 2461 1288 2537 cogatur
1339 2443 1477 2516 consilii
1500 2441 1562 2511 aut
1577 2441 1700 2510 auxilii
1716 2440 1820 2508 nobis
1836 2439 2014 2529 reliquum
2031 2448 2093 2509 est.
2143 2431 2333 2522 HancigI-

292 2548 495 2642 legionibus
516 2552 588 2620 suis
612 2554 806 2620 consulere.
853 2550 956 2621 Certe
977 2575 1090 2642 neque
1106 2548 1286 2639 Hispanos
1337 2563 1396 2618 tur
1424 2543 1720 2625 consolationem,
1749 2565 1838 2634 quae
1868 2553 1961 2608 extat
1987 2539 2024 2604 in
2050 2533 2196 2605 historia
2221 2534 2331 2623 Regis

293 2675 409 2744 neque
427 2650 534 2721 Italos
555 2676 735 2744 speramus
751 2654 789 2722 in
805 2651 997 2723 Germania
1016 2647 1286 2745 lrybernaturos‚
1338 2643 1521 2738 losaphat,
1550 2662 1747 2727 teneamus,
1781 2643 1908 2733 inqua
1932 2641 2078 2721 dieitur,
2105 2635 2195 2707 Cum
2217 2637 2332 2704 nesci-

294 2777 453 2845 quaeres
466 2754 623 2823 fortassis
637 2756 775 2844 frangat
789 2768 1026 2824 cunctatorem
1039 2754 1154 2826 illum.
1188 2748 1287 2820 Haec
1336 2774 1416 2819 mus
1431 2750 1518 2841 quid
1534 2748 1579 2817 sit
1595 2748 1790 2836 agendum,
1817 2742 1910 2812 oculi
1925 2740 2037 2811 nostri
2056 2755 2107 2824 te,
2132 2736 2248 2820 Deus,
2273 2738 2333 2807 in-

293 2848 409 2925 haheo
432 2879 522 2948 quae
543 2858 587 2925 de
608 2857 752 2946 publico
775 2858 941 2927 incendio
965 2858 1008 2926 ad
1033 2868 1068 2924 te
1088 2856 1286 2937 scriberem,
1337 2864 1492 2922 tuentur.
1543 2846 1640 2935 ⁸lude
1670 2861 1831 2936 petamus
1853 2857 1886 2913 et
1912 2855 2130 2931 expectemus
2152 2837 2332 2927 Ecclesiae

294 2956 874 3050 scripturusutisperamuspaulo
891 2973 967 3049 post
984 2959 1143 3026 loetiora.
1188 2956 1286 3024 lute·
1337 2967 1371 3023 et
1393 2953 1595 3043 politiarum
1614 2946 1640 3044 ¹)
1664 2949 1877 3016 mediocrem
1901 2937 2141 3015 κατάστασιν.
2191 2939 2334 3011 Princi-

292 3057 363 3126 rim
380 3072 547 3129 cumtota
564 3056 753 3129 Academia
769 3061 941 3130 foeliciter
957 3059 1045 3131 vale.
1335 3078 1398 3146 pes
1412 3056 1450 3122 in
1466 3067 1614 3143 utraque
1628 3065 1745 3141 parte,
1771 3072 1850 3118 cum
1867 3047 1905 3114 in
1919 3070 2002 3135 pace
2017 3044 2128 3113 multa
2142 3043 2333 3134 peccarint,

291 3242 299 3257 „
396 3155 568 3228 filbertus
582 3154 761 3247 Murchio
774 3163 911 3232 laborat
924 3159 1152 3254 Dysenteria,
1177 3142 1286 3250 qirare
1337 3156 1423 3248 quid
1456 3154 1584 3223 facturi
1617 3165 1700 3220 sunt
1731 3148 1873 3232 armati,
1907 3169 2119 3238 quocunqne
2146 3143 2331 3219 inclinatio

193 3300 196 3306 ·
294 3259 336 3328 ad
362 3284 442 3329 eum
466 3256 847 3354 doctorMagenbnch
871 3261 1121 3350 exNoriberga
1142 3272 1286 3328 vocatus
1338 3257 1417 3327 liet?
1474 3255 1542 3325 Sed
1571 3253 1726 3322 servabit
1759 3254 1892 3321 interea
1915 3246 2015 3317 Deus:
2039 3271 2158 3316 semen
2183 3246 2330 3337 aliquod

293 3374 362 3445 est,
397 3361 459 3454 qui
480 3362 613 3433 diutius
634 3365 749 3448 abest,
781 3389 886 3457 qrrarn
912 3376 1111 3452 speraverat
1131 3385 1167 3430 se
1183 3361 1286 3429 absu—
1336 3372 1517 3440 sanctum,
1550 3368 1590 3424 ut
1609 3351 1735 3423 Esaiae
1761 3352 1877 3420 verbis
1896 3365 1995 3432 utar,
2028 3350 2132 3417 etiarn
2157 3348 2250 3416 inter
2271 3362 2331 3416 tu-

293 3476 426 3533 turum.
1336 3460 1469 3528 multus
1484 3456 1718 3546 imperiorum
1735 3451 1777 3550 ²).
1812 3453 1888 3521 Hac
1912 3475 1978 3521 nos
1994 3450 2331 3547 consolationesus-
2379 3464 2382 3471 '

394 3561 546 3654 Hispani
566 3565 706 3637 circiter
730 3566 827 3634 mille
852 3567 1018 3656 praedam
1042 3588 1084 3633 ex
1108 3575 1287 3632 monaste·
1335 3575 1511 3632 tentemus
1535 3558 1732 3649 praecipua.
1782 3555 1924 3625 Deinde
1943 3551 2058 3637 leniat,
2079 3552 2238 3620 dolorem
2259 3546 2331 3619 hoc

291 3664 347 3734 rio
365 3661 572 3759 Keyssheim
592 3669 765 3753 evecturi,
792 3667 959 3738 trucidati
974 3679 1058 3737 sunt
1075 3691 1095 3735 a
1111 3664 1287 3735 militibus
1336 3685 1495 3755 quoqne,
1520 3661 1615 3752 quod
1632 3663 1728 3728 bono
1746 3657 1863 3725 studio
1880 3657 2077 3725 doctrinam
2094 3655 2136 3721 de
2152 3651 2245 3723 Filio
2261 3649 2330 3720 Dei
2349 3682 2363 3693 -

291 3763 518 3856 Landgravii.
1335 3765 1541 3844 didicimus,
1568 3775 1602 3830 et
1618 3760 1899 3850 propagavimus,
1924 3782 1994 3849 quo
2010 3757 2130 3825 labore
2147 3778 2221 3843 non
2238 3753 2331 3823 alius

310 3870 319 3883 ’
1336 3867 1520 3933 ducendus
1543 3874 1595 3931 est
1618 3863 1744 3930 melior
1765 3873 1827 3930 aut
1843 3858 1971 3948 potior.
2023 3855 2126 3926 Nunc
2143 3856 2259 3946 palam
2275 3855 2330 3922 se·

1335 3978 1420 4034 rnnt
1436 3959 1666 4034 Mauricium
1689 3975 1941 4049 occupaturum
1968 3982 2042 4027 esse
2063 3959 2192 4048 oppida
2211 3957 2329 4036 ‚nostri

1334 4066 1462 4150 Ducis,
1496 4080 1530 4134 et
1559 4055 1757 4134 dioeceseo's
1782 4059 2094 4150 Madeburgensis‚
2124 4083 2193 4152 qna
2222 4060 2330 4127 dere

290 4149 522 4237 Nerate*
790 4170 793 4175 ’
1056 4228 1059 4239 ,
1143 4175 1197 4235 11.
1213 4161 1284 4227 001·
1334 4170 1478 4240 sortasse
1500 4166 1599 4258 prius
1617 4167 1764 4234 certiora
1780 4163 1918 4247 audies,
1943 4186 2048 4255 quam
2064 4156 2130 4229 hae
2146 4160 2269 4230 literae
2283 4161 2329 4228 ad

297 4257 469 4290 ww
1156 4256 1277 4281 Μ
1335 4293 1396 4340 vos
1411 4268 1623 4361 perveniunt
1638 4263 1679 4364 ³).
1729 4264 1828 4335 Bene
1843 4265 1921 4334 vale
1941 4266 1999 4338 12.
2015 4259 2184 4333 Octobris
2198 4258 2240 4355 ⁴).
2290 4322 2295 4339 ,

431 4352 465 4380 ”
516 4370 523 4383 ’
564 4366 619 4450 Η.
646 4362 1009 4476 Burimgartnero
1612 4403 1620 4413 =
2079 4359 2279 4456 Philippus.

358 4523 444 4594 Epist.
458 4526 672 4600 tis.vt.p.1sr.
690 4506 727 4569 -Ᾰ
744 4525 797 4581 nte
807 4544 837 4579 er
850 4524 1017 4598 autographo
1029 4523 1058 4578 in
1072 4520 1284 4577 cod.Monec.l.
1346 4564 1434 4575 ...-

393 4613 420 4666 μ’
435 4596 494 4770 m.
1245 4685 1286 4767 ¹.
1334 4665 1520 4754 Neaera
2176 4677 2233 4741 rs.
2252 4668 2327 4735 oa.

289 4745 345 4823 D.
379 4750 660 4847 Hieronymo
693 4753 1059 4849 Bomgartnero,
1110 4749 1283 4823 Senatum
1335 4762 1505 4791 Μ
2153 4760 2328 4790 “⁶''

477 4853 638 4951 inclytae
660 4855 762 4928 urbis
784 4852 1016 4949 Noribesgae
1036 4863 1097 4925 etc.
1622 4821 1690 4905 M·
1718 4817 2036 4931 Meienburgio.

179 5038 184 5047 ’
288 4981 334 5073 S·
359 5004 404 5079 Β.
457 5004 564 5097 Quod
586 5031 661 5077 non
683 5005 835 5076 abibitis
858 5004 1128 5074 deliberationes
1149 5005 1193 5073 n
1212 4998 1284 5074 Ec·
1397 4974 2327 5121 Ellis,transnanti:reiterataterr

290 5106 394 5174 elesia
417 5108 456 5176 in
480 5123 579 5182 tanto
602 5110 716 5194 bello,
746 5108 858 5200 pietas
883 5119 997 5176 vestra
1012 5103 1088 5175 Deo
1106 5118 1202 5194 grata
1218 5117 1282 5189 est,

1503 2189 1789 2285 Hieronymo
1814 2185 2168 2282 Bomgarlnero.

257 5284 264 5295 Ι
288 5216 324 5276 et
346 5207 547 5280 animorum
574 5212 720 5281 firmitas
745 5210 851 5280 laude
874 5209 992 5298 digna·
1059 5204 1137 5277 Etsi
1162 5219 1279 5275 amem
1363 5195 2283 5272 *)Adrcripsitaliamanusann1547,eedssriptaesta.1546.

287 5310 451 5378 nondum
471 5312 557 5382 belli
572 5313 653 5382 finis
670 5327 739 5393 est,
765 5325 883 5381 tamen
899 5334 975 5380 non
991 5309 1116 5379 dubito
1132 5307 1281 5398 gemitus
1362 5287 1393 5433 3
1410 5286 1512 5441 ἓξὲξ
1530 5282 1677 5423 33333
1698 5286 1896 5435 '⁸²:232er

286 5405 466 5481 Ecclesiae
479 5428 614 5483 vestrae
626 5414 784 5484 exaudiri
801 5438 820 5482 a
836 5411 930 5506 Pilio
946 5408 1033 5496 Dei,
1066 5409 1128 5505 qui
1150 5409 1279 5504 inquit,
1361 5453 1394 5522 3>
1410 5452 1512 5525 spanh.
1527 5454 1710 5524 pervenient,
1733 5471 1763 5506 ε,
1782 5451 1984 5511 emendatione.
2096 5481 2101 5487 .

218 5526 222 5531 ·
287 5501 427 5585 Omnes
441 5509 575 5613 capilli
586 5512 719 5613 capitis
735 5511 845 5590 vestri
857 5509 1045 5595 numerati
1061 5519 1160 5586 sunl.
1211 5510 1279 5593 Vi,
1335 5537 1391 5611 ,4)
1412 5537 1474 5594 eti·
1490 5553 1588 5594 nanu·
1605 5535 1768 5612 ,amnne
1791 5552 1868 5593 anm
1886 5536 1964 5597 raes.
