4882 6426
173 381 176 384 ,
239 312 315 397 ass
810 267 1248 397 ur1sronanun
1299 302 1500 386 atum.
1554 301 1687 386 teas.
2193 314 2270 389 sss

232 481 399 576 acceptis,
420 479 617 550 deliberare
637 479 681 551 de
696 505 760 550 suo
777 480 890 551 reditu
908 484 951 550 ad
969 479 1108 552 Salinas
1124 493 1222 572 pote·
1274 503 1435 564 oramus,
1459 504 1505 549 ne
1518 479 1612 551 sinat
1629 481 1785 571 extingui
1802 481 1916 553 lucem
1932 503 2015 556 suae
2031 483 2209 556 doctrinae
2223 487 2263 556 in

233 587 292 658 rit.
347 580 402 653 De
423 580 611 654 Conventa
635 578 841 671 Augustano
866 577 952 652 haec
973 577 1062 651 mihi
1087 581 1222 672 signifi·
1273 604 1398 670 genere
1413 576 1590 666 humano,
1615 581 1675 652 sed
1693 579 1887 653 Ecclesiam
1903 585 1973 654 sibi
1995 601 2163 676 perpetuo
2187 590 2264 657 col-

225 697 371 757 ·eantur.
421 681 592 753 Nondum
608 683 683 752 eius
697 681 902 754 Conventus
917 684 1023 753 finem
1037 698 1099 755 aut
1113 685 1221 752 indu·
1274 684 1360 771 ligat
1384 695 1419 752 et
1439 684 1629 772 gubernet,
1656 700 1695 755 ut
1718 685 1792 776 ipse
1816 709 1898 755 vere
1916 687 2102 756 invocetur
2124 701 2157 758 et
2171 691 2264 759 celc-

235 787 306 858 cias
328 808 418 873 esse,
443 798 477 853 et
497 808 571 852 non
595 783 807 854 discessuros
831 809 903 854 esse
923 784 1126 878 Principes,
1152 783 1221 851 nisi
1274 783 1414 866 bretur,
1439 785 1530 854 sicut
1545 784 1663 876 inquit
1680 787 1773 877 apud
1788 784 1949 856 Esaiam:
1974 802 2120 880 propter
2134 814 2189 858 me
2210 791 2262 859 la·

234 888 354 958 audita
378 885 476 976 prius
503 886 614 954 forma
637 882 896 969 Ecclesiarum,
927 912 1031 979 quarn
1056 900 1098 956 ut
1120 886 1221 953 insti·
1275 885 1441 967 ciam,ne
1456 886 1669 954 contumelia
1683 911 1801 956 meum
1816 912 1948 956 nornen
1964 889 2146 959 afficiatur.
2179 888 2268 958 Pre-

234 1001 350 1059 tueret
373 986 582 1076 lmperator,
614 974 873 1055 Marchionem
906 990 1010 1056 audio
1037 987 1222 1079 praecipue
1276 1009 1397 1055 camur
1413 986 1535 1071 otiam,
1561 1000 1601 1057 ut
1617 983 1713 1057 hunc
1725 983 1883 1057 Decium
1903 1002 2000 1078 regat
2016 1003 2051 1060 et
2064 993 2170 1062 iaciat
2186 1015 2268 1060 eum

235 1090 390 1159 incausa
409 1110 492 1160 esse.
544 1085 612 1156 Sed
636 1101 754 1155 tamen
777 1103 914 1171 metuo,
938 1091 1040 1158 novis
1061 1088 1223 1159 tumulti·
1276 1109 1447 1174 organum
1463 1082 1639 1156 Ecclesiae
1652 1088 1759 1173 utile,
1783 1085 1846 1160 καὶ
1862 1094 1990 1170 σκεῦος
2004 1087 2135 1172 ἐλέους.
2187 1089 2269 1161 Dat.

236 1191 305 1260 hus
338 1188 558 1260 occasionem
593 1189 830 1274 praebituram
862 1213 934 1257 esse
961 1215 1035 1258 eam
1062 1192 1223 1259 formam.
1277 1187 1512 1274 Vitenhergae
1527 1212 1622 1258 anno
1644 1186 1753 1263 1548.
1768 1191 1825 1260 die
1838 1188 1899 1261 25.
1915 1190 2057 1278 Martii,
2083 1218 2155 1285 quo
2171 1217 2269 1264 anno

233 1290 349 1365 Deum
366 1303 565 1372 aeternum,
588 1285 728 1358 Patrem
739 1288 886 1358 Domini
901 1291 1014 1361 nostri
1031 1290 1109 1359 lesu
1117 1285 1223 1359 Chri·
1277 1302 1358 1358 ante
1379 1284 1491 1357 5510.
1510 1283 1638 1357 Adam<
1651 1291 1816 1362 conditus
1838 1305 1907 1378 est,
1932 1305 1966 1364 et
1980 1293 2075 1364 lilius
2090 1291 2177 1380 Dei,
2201 1296 2271 1364 do·

233 1391 279 1462 sti
295 1414 379 1475 oro,
402 1403 443 1458 ut
466 1400 500 1457 et
513 1383 724 1475 Ecclesiam,
750 1404 784 1461 et
807 1413 870 1460 vos
889 1406 923 1462 et
947 1406 1079 1462 vestros
1101 1402 1223 1460 servet.
1276 1390 1394 1457 minus
1417 1403 1536 1458 noster
1556 1388 1651 1460 lesus
1667 1387 1847 1478 Christus,
1868 1407 1951 1465 ante
1973 1390 2203 1469 annos1614
2229 1396 2270 1464 in

234 1490 278 1566 B.
296 1492 418 1563 valete.
469 1484 537 1557 Die
552 1486 612 1560 25.
630 1489 773 1576 Martii,
800 1517 869 1584 quo
890 1508 970 1563 ante
988 1514 1100 1562 annos
1122 1487 1224 1562 5510
1277 1515 1378 1559 cruce
1395 1513 1460 1580 pro
1475 1491 1579 1560 nohis
1595 1492 1738 1562 victima
1755 1497 1867 1565 factus
1883 1508 1946 1571 est.

235 1589 352 1664 Adam
371 1589 535 1662 conditus
551 1602 614 1665 est.
652 1591 660 1602 ”

915 1688 1122 1786 Philippus.

1278 1925 1345 2000 No.
1360 1922 1474 2004 4105.

1285 2023 1456 2055 Μ

2107 1935 2271 2007 mirra.
2305 1951 2315 1959 ·

2132 2034 2273 2064 Μ

1530 2107 1714 2226 Georgia
1741 2111 1813 2202 Pr.
1842 2061 2029 2215 Antaei,

1346 2264 1433 2340 ιρι..
1451 2267 1497 2323 u..
1513 2268 1549 2323 ιι.
1567 2287 1593 2341 p.
1605 2270 1665 2324 201.
1684 2269 2113 2344 aa.n0na1u.tt.0p.1er.2.

1407 2420 1463 2497 D.
1490 2418 1695 2522 Georgio
1720 2421 1890 2525 Principi
1912 2428 1952 2496 in
1978 2421 2129 2498 Anhatt

235 2547 413 2622 Decimus
452 2541 557 2622 Colle
585 2550 615 2621 1⁰1⁶
652 2544 912 2648 PMIOSOPMCl
950 2550 990 2621 ‘'ss
1025 2544 1226 2639 Academia
1277 2545 1324 2639 S·
1349 2565 1394 2639 D.
1446 2568 1687 2641 Illustrissime
1709 2586 1744 2644 et
1761 2572 2071 2647 Reverendissime
2087 2574 2267 2673 Princeps.

241 2649 512 2748 Vitebergensi,
578 2646 615 2726 h.
642 2654 699 2724 M·
732 2649 900 2722 Salutem
938 2649 1026 2723 diti!
1058 2650 1227 2723 omnib&
1279 2665 1357 2738 Etsi
1373 2670 1594 2740 institueram
1609 2674 1815 2744 concionem
1836 2669 2120 2766 dePoalidicto
2136 2683 2181 2753 ad
2198 2679 2266 2753 Co-

151 2771 154 2776 ·
518 2751 665 2824 lectoris
688 2745 760 2825 has
785 2750 925 2824 literas.
1280 2768 1469 2856 lossenses,
1501 2773 1565 2842 uhi
1589 2772 1809 2865 triumphum
1835 2777 1951 2868 pingit
1972 2781 2172 2852 resuscitati
2187 2782 2270 2855 Filii

134 2957 136 2961 ,
239 2861 381 2954 Attulit
394 2886 439 2955 ad
461 2910 526 2956 nos
546 2887 665 2957 literas
691 2879 907 2954 Inachimus
930 2877 1070 2952 Dacius
1091 2882 1226 2956 Baccu-,
1278 2869 1360 2940 Del:
1395 2885 1514 2942 lamen
1539 2888 1718 2965 pertexere
1743 2901 1817 2957 non
1846 2879 1945 2969 potul
1968 2898 2114 2977 psopter
2137 2886 2269 2957 aulicas

237 2985 396 3054 mitensis
418 3011 437 3055 a
455 2988 540 3060 viris
556 2986 794 3064 Reverendis,
821 2985 1021 3055 eruditione
1041 2999 1075 3055 et
1096 2987 1227 3056 virtute
1279 2973 1411 3057 litem,
1435 2969 1878 3075 qulbuselpftsfissgtfflss
1901 2992 1935 3051 0¹
1949 2982 2022 3069 ³¹55,
2048 2998 2083 3055 ‘l
2098 3008 2177 3073 ⁸8⁰.
2194 2978 2267 3083 Cy·

235 3087 496 3176 praestantibus
526 3088 735 3159 docentibus
768 3083 1002 3176 Evangelium
1029 3086 1067 3155 in
1096 3087 1226 3181 inclyta
1275 3096 1410 3166 emam
1434 3101 1612 3147 Vttfflfflur·
1663 3080 1784 3150 Audio
1809 3080 1995 3173 praecipue
2018 3081 2267 3160 Marchionem

238 3188 326 3255 urbe
345 3185 561 3278 Noriberga,
585 3214 674 3284 quae
689 3188 907 3260 testabantur
920 3183 1087 3258 honestos
1111 3213 1227 3259 mores
1278 3172 1660 3248 Eleclffl'emffluloreffl
1683 3203 1757 3250 esse
1777 3179 1931 3252 Consilii
1955 3186 2000 3254 de
2024 3182 2268 3262 Ecelesiarnm

239 3308 313 3356 csse
334 3283 440 3358 huius
455 3284 576 3359 Decii.
628 3290 727 3377 Quas
750 3313 829 3357 cum
847 3283 1078 3372 exhibuisset,
1103 3313 1226 3359 narra·
1278 3278 1548 3359 ⁶0n⁸lll⁰fi⁰1102
1584 3281 1628 3350 (le
1649 3306 1718 3374 qua
1739 3282 1810 3353 lam
1826 3278 2016 3378 Augustae
2039 3289 2265 3363 deliberatio-

232 2037 302 2115 Νο.
317 2037 432 2117 4184.

239 2135 412 2167 Μ

1065 2050 1124 2117 25.
1137 2045 1225 2111 lllart.

1086 2140 1206 2165 Μ

525 2243 761 2327 Testimon.
789 2238 934 2324 Decii.

305 2401 329 2473 †
346 2401 384 2456 Ex
396 2401 551 2474 apographo
566 2401 594 2455 ia
608 2401 661 2457 cod
677 2401 789 2456 Monac.
801 2399 844 2454 89.
858 2418 904 2453 oo.
918 2399 944 2456 ⁶.
957 2417 985 2472 p.
1002 2397 1071 2454 89¹³.

144 3388 147 3393 '
238 3378 308 3471 uit,
333 3389 424 3456 sein
440 3386 629 3474 Academia
647 3388 871 3478 Tubingensi
892 3389 1101 3481 aliquandiu
1123 3392 1227 3461 audi-

238 3487 329 3558 visse
362 3488 565 3580 linguarum
599 3490 638 3560 ct'
664 3484 911 3580 philosophiae
931 3491 1148 3576 doctrinam,
1186 3517 1226 3562 ac

239 3590 388 3676 deinde,
414 3616 493 3661 curn
511 3590 694 3685 aliqandiu
711 3592 747 3659 in
763 3588 953 3661 Academia
973 3583 1225 3663 nostra'versa-

196 3729 219 3753 a
239 3705 296 3780 tus
312 3692 421 3773 esset.
441 3692 566 3784 petivit
590 3692 770 3782 publicum
791 3694 1030 3762 testimonium
1055 3694 1224 3765 eruditio-

238 3792 315 3876 nis,
340 3795 436 3885 quod
459 3793 569 3863 tribui
591 3795 680 3863 solet
702 3794 969 3864 renunciatione
992 3797 1138 3884 gradus,
1163 3796 1223 3887 qni

237 3893 404 3984 proprius
420 3908 471 3964 est
487 3896 561 3965 eius
578 3894 713 3978 classis,
726 3919 814 3988 quae
832 3891 1124 3980 Grammaticam,
1139 3895 1225 3967 Dia-

237 3994 395 4064 lecticam
419 4009 453 4066 et
476 3990 742 4066 Arithmeticam
767 3996 909 4079 didicit,
952 4009 987 4065 ct
1015 3997 1084 4065 iam
1108 4019 1225 4086 gram-

238 4095 364 4166 matice
387 4097 556 4190 loquitur.
615 4096 802 4166 Nolnimus
825 4111 941 4165 autem
963 4098 996 4164 ei
1016 4100 1133 4166 deesse
1158 4123 1223 4168 no·

238 4210 351 4268 strum
365 4198 537 4282 officium,
553 4198 758 4289 praesertim
777 4221 855 4266 curn
874 4213 1054 4279 narraret,
1070 4221 1106 4267 se
1121 4196 1225 4270 scho-

238 4300 292 4367 lae
309 4299 449 4368 cuidam
470 4323 611 4390 operam
626 4323 724 4368 suam
741 4299 952 4389 promisisse.
1005 4297 1125 4387 Quare
1140 4303 1224 4370 dili-

238 4412 360 4490 genter
399 4401 576 4490 explorata
618 4400 692 4468 eius
727 4400 942 4483 eruditione,
980 4404 1223 4492 comperimus,

238 4525 320 4571 eum
341 4502 603 4591 grammaticam
624 4514 716 4570 recte
733 4501 913 4585 didicisse,
936 4502 1044 4571 latine
1066 4504 1165 4596 loqui
1190 4519 1224 4573 et

237 4603 388 4673 scribere
405 4625 505 4694 posse
520 4603 596 4670 sine
613 4601 843 4684 soloecismis,
857 4625 920 4671 nec
936 4605 1034 4673 rudis
1049 4620 1098 4673 est
1109 4603 1223 4674 Grae-

162 4744 164 4748 ·
237 4727 296 4773 cae
317 4704 476 4791 linguae,
503 4702 708 4788 Dialectices
728 4714 762 4770 et
776 4697 1042 4787 Arithmetices,
1069 4719 1102 4774 et
1124 4728 1221 4774 surn-

1278 3400 1341 3446 nes
1358 3391 1452 3451 sunt.
1504 3375 1558 3449 Ac
1574 3394 1691 3453 metuo
1708 3407 1785 3452 eam
1801 3383 2169 3487 πολυπραγμοσύνην
2189 3417 2262 3464 non

1279 3480 1322 3547 ad
1344 3502 1465 3569 pacem
1489 3484 1711 3572 profuturam
1733 3507 1826 3571 esse,
1856 3490 1915 3556 sed
1941 3482 2117 3563 novarum
2141 3495 2265 3577 distra-

1279 3580 1436 3649 ctionum
1461 3595 1496 3651 et
1518 3583 1693 3653 bellorum
1717 3610 1857 3657 causam
1872 3590 1958 3661 sore.
2008 3590 2170 3681 Quidam
2185 3621 2267 3667 nar·

1279 3680 1370 3750 ravit
1392 3677 1499 3766 mihi,
1525 3707 1626 3776 saepe
1650 3682 1897 3759 Marchionem
1920 3694 2044 3764 venire
2065 3697 2110 3766 ad
2133 3697 2265 3770 Ducem

1278 3775 1532 3870 Mauricium,
1557 3786 1650 3856 utei
1675 3790 1883 3879 persuadeat
1909 3795 2172 3868 restitutionem
2195 3802 2264 3893 pri·

1279 3897 1377 3952 vatac
1388 3883 1530 3960 Missae.
1582 3883 1737 3960 Oremus
1749 3887 1865 3961 Deum
1881 3905 1921 3963 ut
1937 3897 2263 3981 misera‘sEccleaias

1279 3984 1352 4074 ipse
1374 3985 1492 4057 foveat
1512 4001 1547 4056 et
1564 4003 1688 4062 servet.
1739 3989 1846 4063 llunc
1861 4008 1979 4065 autem
1992 4000 2168 4072 nuncium
2190 4005 2264 4074 idco

1278 4084 1378 4168 misi,
1402 4101 1442 4156 ut
1456 4085 1667 4158 Celsitudini
1679 4089 1823 4162 Vestrae
1837 4095 2087 4185 significarem,
2111 4128 2264 4176 mecon-

1278 4187 1416 4256 cionem
1442 4212 1517 4257 non
1549 4189 1706 4280 potuisse
1734 4210 1923 4283 pertexere.
1985 4198 2146 4289 sarciam
2179 4202 2264 4285 hanc

1278 4289 1447 4357 iacturam
1471 4290 1548 4358 aliis
1571 4292 1706 4365 officiis.
1765 4291 1862 4364 Bene
1885 4299 1998 4370 valent
2018 4300 2113 4379 Cels.
2133 4305 2264 4385 Vestra.

1277 4386 1345 4458 Die
1361 4386 1421 4461 25.
1437 4389 1579 4482 Martii,
1607 4418 1677 4485 quo
1695 4407 1775 4464 ante
1791 4421 1904 4467 annos
1924 4397 2026 4476 5510
2048 4400 2168 4478 Adam
2184 4434 2265 4493 con·

1278 4490 1393 4574 ditus,
1420 4504 1454 4560 et
1470 4516 1541 4585 quo
1558 4509 1638 4563 ante
1654 4520 1768 4564 annos
1787 4498 1896 4573 1514.
1923 4500 2038 4598 Filius
2063 4505 2133 4578 Dci
2153 4515 2264 4583 cruci·

1276 4591 1366 4761 grus
1392 4604 1538 4761 ‘stipe‘
1562 4618 1628 4686 pro
1661 4598 1765 4667 nobis
1792 4600 1932 4672 victima
1964 4606 2077 4680 tactus
2102 4612 2264 4686 mirando

1312 4716 1529 4767 mmmm

138 4852 141 4857 -
235 4829 330 4874 marn
350 4804 530 4873 doctrinae
544 4801 720 4872 Ecclesiae
741 4801 807 4870 Dei
828 4817 942 4887 tenet,
969 4820 1004 4874 et
1027 4805 1083 4893 pie
1102 4807 1221 4898 sequi·
1327 4853 1331 4858 -

237 4920 297 4976 tur
320 4928 526 4974 consensum
550 4900 740 4974 catholicae
759 4899 935 4973 Ecclesiae
960 4927 1159 4996 expressum
1184 4908 1218 4976 in

237 5006 406 5100 symbolis
428 5001 633 5095 Apostolico
655 5020 689 5074 et
710 5003 863 5088 Niceno‚
889 5017 923 5073 et
941 5004 1104 5095 pietatem
1120 5030 1219 5077 suam

237 5108 328 5176 veris
345 5106 487 5189 officiis,
511 5107 750 5188 invocatione,
770 5120 806 5174 et
817 5106 987 5174 modestia
1004 5131 1140 5176 morum
1158 5110 1221 5177 de-

237 5209 358 5279 clarat.
408 5205 481 5275 Nos
506 5208 614 5295 igitur
635 5209 679 5276 de
693 5204 843 5294 Collegii
863 5205 1036 5284 sententia
1058 5210 1219 5278 decerni·

235 5331 315 5377 mus
335 5308 367 5376 ei
388 5308 551 5396 gradum,
578 5308 640 5400 qui
661 5305 806 5376 aBncca
830 5307 921 5376 lauri
944 5331 1074 5377 nomen
1102 5304 1218 5397 hahet,

236 5423 270 5478 et
284 5406 398 5479 Deum
414 5420 594 5497 aeternum
610 5422 744 5500 patrem
762 5409 899 5503 domini
914 5409 1027 5480 nostri
1040 5408 1118 5481 lesu
1132 5407 1217 5482 Chr.

1278 4932 2258 4970 Ἣ

1284 5085 1351 5160 Νο.
1369 5089 1480 5166 4186.

1277 5186 1491 5230 m

2110 5114 2268 5193 aaut...

2127 5211 2266 5241 w&

1513 5290 1727 5404 Agricola
1749 5294 1813 5379 od
1834 5305 2033 5393 amicum.
2144 5290 2150 5301 ’

1262 5500 1266 5508 ,
1341 5440 1378 5496 Er
1390 5446 1544 5519 apographo
1561 5446 1589 5502 in
1602 5447 1665 5504 cod.
1679 5449 1744 5506 Bar.
1758 5452 1821 5512 vat.
1836 5454 1859 5510 l.
1872 5474 1901 5527 p.
1915 5458 1992 5517 1025.
