4882 6436
93 339 169 416 826

30 509 34 514 ’
118 495 1069 602 D.HreronymoBonrgartnera,Senatori

491 603 692 703 Norr'bcrg.

92 740 140 829 S.
162 758 206 832 D.
257 755 385 826 Multis
407 757 618 826 coniecturis
643 757 836 828 ratiocinor
860 768 974 825 totum
998 753 1088 827 Poe-

91 885 149 928 rna
164 862 233 930 τοῦ
247 854 385 950 μεταξὺ
402 873 519 928 ortum
534 882 608 926 esse
624 882 697 928 non
714 859 760 926 ab
777 856 995 947 Imperatore
1011 849 1088 927 Ca-

94 956 192 1044 rolo,
218 963 279 1028 sed
297 957 369 1030 sind
383 964 451 1030 τοῦ
463 955 670 1056 μαργίτου,
699 960 758 1051 qui
778 961 908 1028 multos
930 959 999 1026 iam
1018 982 1084 1038 an-

91 1086 158 1131 nos
178 1062 331 1131 somniat
354 1063 491 1131 fucoses
513 1077 547 1131 et
571 1087 644 1130 non
660 1064 849 1130 duraturas
865 1060 1087 1129 conciliatio·
1136 1116 1330 1206 Conspecta
1348 1129 1430 1183 sum
1448 1114 1607 1204 prodigia
1632 1115 1669 1181 in
1687 1139 1765 1182 me
1782 1139 1907 1183 sereno
1923 1116 1981 1183 die
1995 1115 2128 1207 specim

1138 1221 1289 1285 dirorum
1318 1217 1533 1285 exercituum
1567 1217 1660 1283 inter
1682 1238 1719 1283 se
1743 1216 1988 1284 dimicantium
2016 1239 2132 1306 prope

1137 1312 1390 1412 Qttedelburg3
1418 1330 1453 1386 et
1471 1341 1542 1386 non
1558 1312 1870 1405 proculaSalinis
1883 1319 1983 1385 urbis
1996 1317 2127 1406 species

92 1187 167 1237 nes.
218 1162 272 1231 Ne
294 1186 357 1250 ego
382 1163 526 1253 quidem
557 1164 601 1231 de
623 1163 789 1231 omnihus
812 1161 1087 1254 quaestionibus,

91 1288 182 1359 quae
198 1264 237 1332 in
254 1259 317 1333 hac
335 1264 537 1333 turbulenta
555 1278 664 1333 aetate
678 1277 793 1334 motae
807 1277 908 1346 sunt,
923 1286 1086 1353 puguan-

92 1368 177 1435 dum
204 1389 345 1448 censeo,
382 1362 469 1460 ac¹)
490 1366 619 1434 multas
643 1365 803 1434 consulto
830 1366 953 1434 abieci.
1013 1363 1082 1433 Sed

90 1482 208 1538 temen
230 1468 268 1534 iu
293 1478 388 1536 tanta
414 1468 622 1535 contusione
641 1465 922 1556 disputationum
945 1465 1084 1582 aliquae
1135 1523 1173 1589 in
1196 1527 1367 1589 conventu
1389 1515 1997 1611 Augustanodeliberalio‘1⁸0⁰’
2029 1520 2125 1610 quod

88 1592 145 1638 res
158 1568 373 1637 necessariae
386 1581 500 1635 motae
515 1583 549 1638 et
566 1569 759 1637 illustratae
774 1580 867 1641 sunt.
917 1563 1082 1656 Repetivr

89 1665 286 1738 hisdiebus
311 1692 413 1759 saepe
434 1670 667 1758 ingemiscens
690 1669 861 1758 integram
885 1668 1082 1737 doctrinam

88 1766 171 1864 aspi
203 1765 420 1862 μετανοίας,
460 1771 500 1838 in
528 1771 679 1860 publicis
713 1760 1082 1861 praelectionibus*),

87 1885 271 1962 propterea
287 1872 382 1963 quod
397 1870 564 1964 Synodus
577 1870 834 1963 Bononiensis,
856 1894 962 1962 quam
978 1871 1080 1938 video

88 1974 313 2042 audaciorem
339 1995 411 2038 esse
434 1976 499 2063 τῆς
520 1971 560 2041 ἐν
579 1967 728 2065 τριαίνῃ
743 1967 1018 2064 σηλλεχθείσης,
1045 1984 1080 2040 et

87 2075 297 2142 veteratorie
329 2088 361 2142 et
384 2073 492 2160 impia
515 2076 653 2142 decreta
677 2075 757 2142 fecit
781 2070 863 2167 περὶ
881 2067 1080 2163 μετανοίας

86 2171 150 2247 καὶ
172 2169 389 2266 μυστηρίων
414 2168 568 2245 δείπνου
588 2178 780 2268 κυοιακοῦ.
837 2171 909 2244 Sed
934 2185 1077 2263 expecto

85 2273 128 2348 τὸ
145 2267 284 2368 μεταξύ
290 2326 302 2359 ,
330 2277 424 2367 quod
442 2299 521 2344 cum
539 2277 714 2363 prolatum
729 2275 855 2358 luerit,
881 2298 990 2343 novas
1004 2276 1079 2342 for·

86 2379 187 2449 tassis
215 2374 454 2445 Ecclesiarum
484 2390 518 2445 et
540 2372 751 2445 Scholarum
784 2371 1077 2467 dissipationes²)

85 2480 199 2550 faciet.
240 2473 332 2547 ἀλλὰ
354 2482 477 2547 ταῦτα
499 2471 601 2547 πάνυ
615 2471 738 2568 μόνου
751 2477 847 2547 θεοῦ
864 2477 904 2548 ἐν
917 2469 1078 2573 γούνασι

85 2583 212 2652 κεῖται.
263 2578 417 2649 Gentem
435 2578 643 2649 Saxonicam
665 2603 738 2646 non
761 2579 887 2647 dubito
911 2601 1076 2666 inagnum

84 2682 218 2752 bellum
241 2697 415 2769 gesturam
440 2704 529 2764 esse,
555 2683 650 2772 quod
674 2678 771 2749 Deus
795 2681 977 2768 gubernet.
1030 2673 1079 2745 Et

84 2780 169 2851 huic
192 2783 289 2867 genti
311 2783 497 2872 praecipue
521 2782 731 2872 significavit
760 2803 967 2871 congressus
991 2784 1016 2868 t)
1043 2791 1079 2848 et

86 2887 124 2967 ἅ
147 2878 206 2975 “)
235 2885 273 2950 in
287 2870 528 2970 Aegoceron.

186 2983 293 3054 Mitto
311 2984 375 3052 tibi
391 2985 555 3074 pagellas,
571 2997 605 3052 et
621 2981 722 3052 brevi
738 2983 874 3052 mittam
893 2976 1078 3050 historiam

84 3086 211 3157 Gentis
231 3085 391 3154 iudaicae
405 3100 601 3154 contextam
624 3085 668 3152 ab
683 3080 829 3169 Ebero,
855 3109 873 3153 a
897 3084 1014 3151 reditu
1035 3104 1077 3148 ex

84 3185 268 3281 Babylone
289 3211 400 3278 usque
423 3189 468 3256 ad
492 3186 667 3254 excidium
686 3186 926 3279 Solymarum,
979 3184 1078 3251 Deus

83 3303 246 3358 aeternus
263 3286 367 3357 Pater
380 3286 527 3357 Domini
542 3288 653 3356 nostri
674 3284 751 3355 lesu
762 3284 896 3356 Christi
914 3286 1078 3353 conditor

82 3392 218 3480 generis
241 3385 389 3457 humani
414 3403 449 3459 et
470 3388 648 3458 Ecclesiae
671 3409 754 3457 suae
773 3390 831 3480 qui
857 3412 892 3455 se
916 3385 1078 3476 patefecit

81 3491 189 3558 misso
205 3491 297 3571 filio,
323 3504 437 3557 servet
451 3505 484 3558 te
502 3490 714 3555 incolumem
733 3501 766 3555 et
781 3504 814 3557 te
833 3500 940 3574 regat.
978 3484 1076 3554 Bene

83 3591 174 3660 vale.
222 3586 290 3657 Die
307 3590 407 3657 verni
420 3587 636 3682 aequinoctii
661 3587 769 3658 1548.

595 3715 784 3812 Philippus
801 3712 1027 3785 Melanthon.

77 3947 209 3962 β

92 4101 158 4174 No.
173 4100 285 4176 4171.

84 4200 297 4237 Μ

830 4120 832 4124 ’
880 4110 1050 4188 aequinoct.

859 4197 1072 4231 Μ

372 4305 433 4392 Α.
458 4305 784 4430 Lauterboctn'o.

169 4468 193 4536 †
213 4466 248 4519 Er
262 4485 356 4538 apogr.
372 4467 400 4519 in
416 4467 477 4522 cod.
490 4468 574 4522 Goth.
591 4468 650 4522 190.
663 4487 690 4537 p.
705 4466 762 4521 tte.

79 4621 281 4695 Antonio
294 4620 398 4694 Lau
409 4633 447 4693 tc
458 4623 538 4694 rba
549 4617 618 4709 cli,
632 4616 855 4698 Past.·Eccl.
871 4618 1075 4701 Pr'rnensiS.

76 4754 125 4858 S.
150 4771 196 4847 D.
247 4771 458 4867 Reverende
482 4770 526 4841 D.
548 4770 707 4852 Antoni,
743 4785 775 4840 et
801 4773 911 4840 amice
935 4775 1074 4842 carissi-

77 4865 157 4943 ine!
209 4871 376 4946 Narratio
393 4873 538 4946 deSene
548 4868 710 4966 Georgia
720 4864 977 4959 Cartonttzio,
995 4877 1072 4944 viro

114 5099 140 5163 1)
162 5095 270 5151 causer.
284 5105 327 5162 et,
344 5095 487 5150 mendose.

111 5177 141 5250 *l
159 5177 265 5232 Prodiit
278 5180 399 5232 libelluss
422 5179 581 5248 „Doctrina
596 5179 629 5233 de
641 5177 807 5250 poenitentia
821 5179 882 5232 ideo
896 5179 1009 5248 repetite
1043 5192 1072 5234 ut

142 5249 308 5370 prsqstigiee
321 5248 354 5367 asie
368 5246 596 5366 satisfactipuipps
609 5266 705 5302 recens
717 5248 879 5318 excogitatae
889 5268 902 5301 s
911 5220 1070 5320 quibusdam

163 5335 199 5386 op
219 5327 274 5368 ntis
291 5338 319 5369 re
335 5327 485 5369 uterentur.
569 5320 633 5369 rteb.
649 5316 724 5372 1549.
751 5321 778 5373 8.

108 5402 137 5467 2)
159 5400 267 5456 Camer.
281 5403 502 5469 disputationes,
520 5403 659 5455 mendose.

109 5484 156 5556 **)
175 5484 293 5539 Saturni
305 5496 332 5540 et
346 5485 446 5540 Martis
460 5486 543 5540 edidit
557 5485 697 5542 Quaeres.
748 5523 752 5530 -

672 331 1105 410 EPlSTOLARUM
1139 334 1262 412 ΜΒ.
1288 333 1354 409 111.
1407 333 1567 411 tata·

2031 301 2136 417 'san

1143 507 1388 595 integerrimo,
1430 509 1568 600 dequo
1591 519 1686 576 certe
1714 521 1748 579 et
1779 521 1881 578 antea
1912 509 2003 578 bene
2024 509 2135 594 sensi,

1142 611 1245 677 valde
1259 623 1356 698 grata
1373 611 1442 692 fuit
1455 603 1563 691 mihi,
1587 623 1621 677 et
1638 609 1684 680 D.
1699 607 1837 679 Pastori
1857 624 1894 680 et
1909 611 1989 679 aliis
2011 612 2136 681 amicis

1141 711 1282 783 uostris.
1334 711 1429 782 Deus
1445 726 1607 782 aeternus
1628 723 1728 800 pates·
1743 712 1881 780 domini
1904 713 2017 781 nostri
2035 710 2063 785 l.
2079 710 2135 793 C„

1140 814 1305 882 conditor
1326 809 1502 881 Ecclesiae
1529 835 1612 882 suae
1635 825 1751 882 servet
1775 826 1809 882 et
1831 826 1928 901 regat
1952 834 2034 882 suos
2049 836 2132 882 coe-

1139 926 1212 997 tus,
1233 915 1437 982 invocantes
1451 912 1584 1002 ipsum!
1638 909 1686 981 Et
1709 926 1929 982 servaturum
1952 936 2025 983 esse
2049 936 2128 1003 spe-

1138 1040 1196 1099 ro,
1222 1015 1286 1083 etsi
1312 1016 1466 1104 prolecto
1491 1014 1575 1081 novi
1597 1028 1713 1083 motus
1736 1017 1894 1102 ingentes
1913 1015 2129 1103 impendent.
2186 1039 2193 1058 ⁸

1136 1446 1173 1488 rn
1192 1444 1270 1488 arce
1286 1432 1452 1510 tauquam
1473 1441 1598 1506 rrrztguo
1617 1417 1782 1484 incendio
1799 1418 2067 1507 conflagrantis3
2092 1430 2128 1486 et

1135 1637 1280 1692 vocatur
1303 1616 1477 1704 Interim,
1505 1621 1591 1713 quid
1614 1619 1771 1707 paritura
1794 1620 1855 1703 sit,
1879 1641 1934 1688 res
1955 1621 2127 1691 ostendet.

1134 1723 1207 1793 Nos
1222 1744 1363 1792 oremus
1377 1718 1513 1801 Deum,
1540 1733 1722 1790 aeternum
1749 1734 1885 1809 patrem
1905 1719 2043 1790 domini
2056 1742 2125 1788 no-

1132 1827 1196 1895 stri
1213 1823 1238 1898 l.
1253 1820 1310 1905 C„
1336 1835 1377 1892 ut
1390 1824 1526 1911 mitiget
1543 1820 1700 1912 publicas
1719 1833 1754 1888 et
1772 1820 1923 1910 privatas
1944 1819 2125 1889 calamita·

1133 1943 1195 1998 tes.
1245 1923 1343 1993 Bene
1358 1938 1391 1992 et
1405 1925 1554 1994 feliciter
1570 1922 1657 1995 vale.
1697 1918 1765 1990 Die
1781 1921 1995 2014 aequinoctii
2012 1920 2128 2005 verni,

1135 2026 1244 2101 1548.

1961 2135 2002 2211 P.
2017 2135 2071 2208 M.

1128 2545 1193 2614 No.
1210 2541 1325 2617 4172.

1127 2642 1335 2676 Μ

1462 2732 1506 2823 C.
1541 2737 1798 2820 Ottrmonrw.

1197 2921 1218 2982 ·1·
1235 2915 1272 2967 Er
1285 2932 1379 2985 apogr.
1391 2914 1420 2966 in
1434 2914 1498 2969 cod.
1515 2912 1601 2968 Paris.
1614 2914 1652 2966 D.
1667 2914 1699 2973 L.
1715 2913 1782 2969 5⁴³.

1129 3082 1353 3155 Eruditione
1379 3093 1409 3153 et
1438 3081 1566 3153 virtute
1584 3081 1796 3180 praestanti
1813 3077 1878 3154 M.
1904 3069 2130 3177 (a‘tesparo¹

1129 3182 1333 3258 Othman
1345 3210 1419 3268 no,
1443 3183 1670 3278 gubernanti
1689 3180 1816 3254 studia
1833 3180 2021 3254 doctrinae
2037 3177 2131 3263 lites.

1129 3315 1255 3359 rarum
1272 3299 1301 3357 et
1314 3285 1535 3384 optirnarum
1550 3285 1688 3354 artium
1707 3286 1746 3353 in
1763 3285 1848 3357 arbe
1862 3279 2125 3376 Ltoberga,

1548 3412 1667 3456 antico
1693 3410 1725 3458 ε.

1127 3523 1171 3610 S.
1193 3537 1239 3612 n.
1290 3535 1479 3608 carissime
1504 3536 1568 3604 ott.
1620 3530 1818 3605 Menneu
1843 3537 1953 3624 igliur
1972 3547 2007 3604 a
2028 3529 2121 3606 hane

1129 3639 1338 3709 sententiam
1361 3640 1398 3704 in
1422 3662 1462 3705 eo
1478 3637 1555 3726 ipso
1571 3638 1701 3725 scripto
1722 3636 1882 3705 lsocratis
1896 3651 2032 3720 extare,
2056 3660 2121 3703 cu-

1129 3736 1185 3809 ius
1208 3739 1424 3807 mentionem
1447 3737 1550 3805 facis:
1577 3733 1687 3816 καλὸς
1702 3733 1895 3828 θησαυρὸς
1907 3733 1993 3827 nup*
2008 3731 2119 3827 ἀνδρὶ

1129 3836 1323 3932 σπουδαίῳ
1340 3833 1450 3932 χάρις
1471 3835 1700 3932 ὀφειλομένη.
1752 3836 1901 3906 Gaudeo
1924 3837 2050 3925 igitur,
2085 3849 2119 3904 et

1128 3938 1218 4011 mihi
1242 3942 1280 4008 in
1310 3941 1430 4008 animo
1462 3956 1523 4008 tuo
1555 3941 1659 4009 talem
1688 3933 1893 4007 thesaurum
1923 3937 2117 4026 repositum

1128 4066 1220 4125 esse,
1239 4043 1301 4111 etsi
1322 4042 1477 4132 prolecto
1489 4056 1546 4109 tua
1561 4057 1592 4108 et
1600 4039 1777 4109 Ecclesiae
1795 4062 1895 4108 causa
1905 4037 2016 4127 magis
2032 4061 2119 4125 gau-

1128 4147 1213 4228 deo,
1239 4156 1272 4211 te
1298 4159 1331 4213 et
1349 4133 1481 4211 multus
1501 4144 1678 4232 praeditos
1705 4141 1806 4209 honis
1831 4140 1982 4229 ingeniis
1998 4161 2116 4207 veram

1127 4262 1160 4316 et
1183 4247 1306 4313 utilem
1328 4245 1526 4312 doctrinam
1548 4243 1732 4324 didicisse,
1757 4255 1797 4310 ut
1821 4264 1940 4308 semen
1957 4253 2116 4310 sanctum

1126 4348 1303 4439 reliquum
1335 4346 1396 4423 sit,
1430 4345 1526 4436 quod
1559 4345 1697 4412 eritdiat
1732 4342 1979 4432 posteritatem.
2039 4340 2116 4411 Etsi

1127 4448 1221 4515 enim
1247 4447 1384 4534 magnis
1408 4445 1573 4513 fluctibus
1590 4467 1727 4533 semper
1742 4458 1926 4534 quassatur
1941 4440 2118 4515 Ecclesia:

1126 4562 1242 4618 tamen
1265 4545 1361 4615 Deus
1381 4546 1497 4636 aliqua
1522 4547 1660 4634 agmina
1685 4557 1816 4625 servat,
1844 4569 1888 4611 ne
1911 4543 2035 4613 notitia
2053 4544 2116 4610 lilii

1125 4651 1163 4716 in
1181 4649 1282 4717 terris
1297 4648 1530 4733 extinguatur.
1571 4645 1624 4715 Te
1639 4670 1779 4736 quoque
1794 4657 1877 4733 opto
1893 4660 2027 4735 partem
2043 4668 2117 4713 esse

1124 4751 1267 4818 seminis
1297 4749 1425 4830 sancti,
1460 4762 1498 4816 ut
1521 4763 1622 4816 vocat
1644 4744 1786 4827 Esaias,
1821 4749 1916 4837 quod
1943 4746 2116 4815 custodiet

1124 4853 1334 4922 doctrinam.
1385 4848 1595 4925 Academia,
1613 4845 1679 4915 Dei
1698 4847 1865 4916 beneficio
1881 4842 1997 4916 adhuc
2012 4860 2116 4914 sortaat

1123 4955 1269 5021 eandem
1299 4976 1401 5018 verae
1429 4953 1611 5019 doctrinae
1634 4974 1777 5030 vocem,
1816 4974 1922 5039 quam
1957 4948 2116 5045 sonabat,

1123 5079 1201 5124 curn
1225 5057 1381 5135 adesses,
1407 5065 1512 5144 teque
1535 5046 1723 5134 adhortor,
1747 5064 1788 5119 ut
1811 5052 1853 5117 ad
1872 5043 2115 5137 philosophica

1123 5156 1239 5223 studia
1266 5155 1386 5223 redeas
1408 5153 1591 5245 aliquanto
1620 5165 1709 5241 post.
1759 5147 1929 5219 Nondum
1950 5149 2045 5216 enirn
2073 5149 2109 5215 iu

1120 5256 1273 5327 Saxonia
1294 5255 1398 5322 finem
1421 5254 1597 5324 bellorum
1621 5277 1695 5321 esse
1714 5266 1844 5322 metuo.
1904 5248 1974 5319 Sed
1996 5247 2112 5317 Deum

1121 5382 1204 5441 oro,
1239 5372 1279 5427 ut
1303 5351 1366 5427 has
1386 5378 1572 5425 aerumnas
1590 5353 1735 5441 mitiget.
1787 5348 1884 5420 Beue
1906 5364 1940 5421 et
1961 5350 2133 5421 feliciter·

1090 5458 1096 5560 1
1121 5459 1209 5533 vale.
1261 5457 1384 5526 idibus
1410 5455 1571 5537 Martiis,
1596 5454 1748 5549 quodie
1772 5465 1855 5523 ante
1880 5475 1994 5523 annos
2012 5450 2110 5525 tono
