4882 6426
309 395 386 473 toa
585 336 591 351 ’
889 388 1323 468 arrsrocanun
1382 392 1490 469 ma.
1521 392 1758 469 narare.
2279 387 2357 462 soc

258 556 270 575 ’
311 566 379 663 μία
396 563 536 661 ἡνιοχεῖ
547 558 725 665 ,adprecor
735 567 919 659 χαλινοῖς,
941 578 980 635 nt
998 579 1098 634 vetus
1114 557 1213 633 Lini
1226 588 1306 633 ver·
1353 560 1443 633 mihi
1457 565 1537 635 istic
1556 564 1736 637 maledicit
1756 578 1877 636 noster
1892 563 2142 634 vetusamicus
2158 554 2209 653 ⁸),
2245 561 2357 652 quia

214 678 222 695 '
311 694 370 743 sus
391 671 519 762 inquit.
580 667 705 741 Vestro
730 682 848 738 autem
871 665 964 737 Duri
987 682 1131 759 propter
1156 679 1303 736 aetatem
1352 690 1409 736 me
1426 690 1526 757 saepe
1545 668 1782 738 mediocribus
1804 667 1932 737 officiis
1947 678 2095 735 omatus
2118 675 2187 747 est,
2213 662 2356 748 faciam,
2424 669 2427 674 ’

312 774 567 865 ignoscendum
591 771 670 845 suit.
730 769 850 840 Nostri
879 794 975 839 nunc
1000 768 1307 864 quorapiuntnri
1353 773 1450 861 quod
1474 765 1568 864 ait⁹)
1590 771 1686 841 lilius
1706 770 1789 840 Dei:
1823 768 2022 839 benedicite
2043 765 2355 850 maledicentibus,
2397 858 2401 863 ¹

314 890 353 946 ut
366 877 491 966 fratres
506 865 697 941 Thebani:
733 874 780 942 ita
797 874 841 941 ad
859 868 985 940 Albim
1000 872 1095 941 inter
1109 895 1145 940 se
1168 870 1307 961 cognati
1352 872 1494 962 neplus
1513 873 1559 941 sit
1583 873 1808 962 publicarum
1830 871 2115 951 dissensionum,
2147 867 2284 936 sicum
2309 891 2351 937 eo

313 978 503 1060 dimicant,
526 999 591 1043 nec
605 971 772 1072 humanis
787 975 1100 1066 consiliisreprimi
1112 976 1212 1042 furor
1227 987 1308 1064 pot·
1353 973 1557 1057 dimicarent
1581 975 1692 1067 stylo,
1741 974 1838 1066 quod
1869 968 1959 1040 mihi
1989 996 2064 1041 non
2083 967 2230 1038 difficile
2253 984 2351 1043 esset

312 1094 374 1150 est.
426 1074 504 1147 Oro
528 1091 646 1147 autem
666 1074 782 1147 Deum
806 1091 986 1145 aeternum
1004 1075 1144 1145 Patrem
1159 1073 1308 1144 Domini
1352 1073 1421 1144 Sed
1439 1073 1516 1144 Deo
1534 1090 1568 1145 et
1583 1073 1761 1157 Ecclesiae
1779 1075 1951 1145 iudicium
1966 1075 2011 1145 de
2025 1085 2178 1169 utroque
2201 1071 2350 1162 permit·

313 1181 426 1250 n'ostri
447 1178 525 1249 lesu
539 1175 695 1260 Christi,
721 1179 817 1268 pacis
833 1192 1011 1263 autorem,
1037 1193 1078 1247 ut
1095 1178 1219 1246 reddat
1237 1174 1308 1245 Ec·
1353 1191 1400 1249 to.
1449 1175 1556 1265 Quod
1572 1168 1769 1252 catarraluri
1787 1176 1868 1248 estis
1883 1171 2125 1258 Matthaeum,
2150 1173 2259 1243 laudo
2275 1186 2353 1244 stu·

314 1283 459 1366 clesiae,
492 1297 526 1350 et
549 1281 683 1371 politiis
700 1278 923 1348 Germanicis
942 1282 1035 1368 piam
1060 1293 1094 1350 ot
1117 1280 1305 1348 salutarem
1353 1280 1453 1347 dium
1471 1293 1505 1349 et
1524 1281 1731 1368 concilium,
1748 1294 1796 1349 -et
1817 1280 1971 1348 libenter
1989 1275 2245 1368 praefationem
2258 1275 2352 1344 deli-

314 1408 446 1475 pacem.
505 1376 697 1451 Iohannes
722 1375 908 1465 Neritias,
943 1384 1074 1451 sororis
1097 1396 1177 1452 tuae
1203 1380 1307 1464 filius,
1353 1382 1467 1461 neabo
1485 1380 1537 1473 1’).
1587 1377 1876 1475 Benevcdetc¹¹).
1928 1378 1997 1450 Dic
2014 1376 2123 1446 natali
2138 1374 2260 1446 Caroli
2277 1373 2351 1447 lm-

315 1484 382 1556 Dei
398 1485 588 1567 beneficio,
621 1495 714 1552 recte
731 1484 840 1567 valet,
872 1498 911 1551 ac
934 1485 1070 1554 viribus
1092 1482 1308 1551 firmioribus
1353 1484 1541 1573 peratoris,
1573 1484 1636 1575 qni
1654 1477 1695 1576 ¹²)
1718 1498 1770 1552 est
1787 1480 1825 1573 υ)
1847 1486 1922 1552 dies
1944 1474 2119 1551 Matthiae
2140 1502 2202 1548 seu
2220 1472 2263 1574 Ι’)
2289 1476 2353 1549 24.

315 1610 411 1656 nunc
425 1599 494 1670 est,
516 1610 622 1678 quam
639 1598 760 1668 antea,
781 1610 851 1676 quo
868 1586 981 1654 adluit
998 1590 1042 1655 ad
1060 1582 1193 1657 Albim.
1226 1582 1308 1652 Me-
1356 1584 1560 1669 Februarii,
1587 1583 1696 1654 Anam
1719 1582 1827 1661 1547.
2114 1629 2121 1639 ,

315 1712 395 1757 cum
421 1688 459 1754 in
483 1689 570 1757 urbe
593 1687 785 1778 tranquilla
808 1710 918 1779 usque
942 1689 987 1755 ad
1010 1683 1142 1757 Pascha
1164 1710 1306 1754 ruanere
1865 1695 2057 1791 Philippu,
2075 1683 2298 1771 Mehnghm

316 1789 480 1859 decrevit.
532 1788 585 1856 Te
609 1800 672 1857 oro
695 1803 734 1858 ut
749 1787 777 1857 si
795 1789 926 1879 poteris
941 1792 1080 1860 mittere
1102 1791 1237 1871 literas,
1262 1789 1304 1855 ad
2154 1838 2157 1843 .

316 1914 381 1959 rios
405 1891 548 1960 scribas.
598 1888 697 1958 Bene
719 1890 805 1959 vale.
858 1889 925 1958 Die
951 1893 1060 1962 natali
1079 1883 1214 1959 Caroli
1237 1877 1307 1957 lin-
1358 1950 1364 1957 .
1552 1938 2350 1955 ......................-..,..............

316 1994 498 2086 peratoris.
527 1988 655 2090 [(1.94.
674 1984 795 2085 Febr]

1542 2302 1752 2413 Crociger
1774 2299 1836 2382 od
1851 2297 2158 2381 Academicos.

609 2487 672 2574 Ge
695 2468 1003 2575 'Bucggogzem
1422 2462 1845 2536 ει.ῑρι.ρυω.1ωα.ννῑιε1.
1864 2462 1898 2516 r.
1911 2461 1934 2515 t.
1952 2481 1978 2532 ρ.
1995 2460 2055 2515 aas.

385 2651 594 2724 Manttitamg.
613 2672 639 2726 p.
654 2653 714 2709 398.
751 2654 863 2708 concuti
878 2671 978 2727 opopa
999 2652 1308 2710 haineod.Gott.190.
1353 2631 1488 2706 Iteecor
1519 2633 1738 2707 Academiae
1770 2632 2068 2728 Witebergeasis
2104 2622 2347 2730 Casperus

418 2722 524 2860 hlaib,
542 2723 605 2777 cod.
620 2723 705 2779 Goth.
719 2726 777 2778 191.
797 2742 824 2795 p.
831 2724 875 2780 70.
889 2733 920 2785 ¹et
933 2743 966 2780 co
987 2724 1169 2779 .Monac.90.
1185 2723 1238 2778 No.
1249 2724 1308 2779 Vll.
1634 2732 1725 2810 Cra
1735 2763 1753 2808 ο
1761 2738 1831 2831 ige
1840 2763 1877 2823 Γ,
1910 2734 2065 2815 Ductor·
2162 2755 2167 2764 ·

321 2946 545 3022 Venerando
561 2947 673 3034 Vim,
700 2948 756 3022 D·
784 2947 987 3047 Georgia
1012 2945 1309 3023 Buchholu·
1353 2889 1447 2973 Non
1471 2904 1726 2990 existimemus,
1757 2905 1876 2975 irritas
1900 2926 1972 2972 esse
1999 2924 2120 2994 preces
2143 2914 2178 2971 et
2194 2901 2347 2992 gemitus

318 3076 383 3141 rc,
416 3046 665 3151 †Praepcsito
686 3063 717 3123 et
733 3048 888 3124 Pastori
896 3049 1012 3149 fideli
1026 3051 1217 3124 Ecclesiae
1232 3052 1311 3125 Dei
1353 3029 1497 3176 {mmm
1519 3031 1558 3074 ¹¹¹
1573 3002 1843 3148 ‚Efclefflaneh
1875 3004 1944 3123 se‘l
1970 3028 2092 3074 felem
2115 3006 2258 3120 effandst
2283 3026 2349 3122 ¹12⁵

479 3156 518 3225 i„
538 3155 624 3227 urb,
641 3154 805 3228 Ursinus·
820 3154 866 3255 ι),
891 3155 1010 3226 amico
1025 3181 1093 3228 m
1107 3154 1148 3251 α).
1390 3130 1467 3193 ens,
1492 3119 1526 3177 et
1539 3111 1716 3197 mitigabat
1732 3133 1796 3178 nos
1814 3108 2029 3177 calamrtates
2046 3105 2207 3196 publicas
2223 3119 2259 3175 ct
2273 3130 2350 3198 prt-

1355 3222 1469 3293 vatas,
1503 3209 1534 3277 si
1556 3233 1636 3278 eum
1661 3211 1788 3280 fiducia
1805 3210 1871 3278 filii
1887 3207 2149 3290 invocabimus,
2181 3207 2242 3300 qui
2264 3232 2349 3299 pro-

317 3285 362 3376 s.
383 3300 429 3375 D.
463 3301 670 3373 Venerande
688 3305 832 3372 domine
849 3301 992 3390 Georgi.
1028 3299 1309 3374 Brentiasscri-
1354 3324 1432 3399 pter
1454 3307 1648 3380 Ecclesiam
1682 3307 1801 3404 ἱκέτης
1833 3313 1945 3382 factus
1978 3322 2030 3378 est
2062 3323 2206 3378 aeterno
2240 3309 2345 3400 patri.

317 3408 371 3478 bit
386 3400 432 3501 ³),
457 3406 584 3474 dixisse
599 3404 796 3475 Dominum
815 3401 858 3474 dc
872 3398 999 3476 Nares
1017 3400 1065 3496 ⁴),
1098 3407 1310 3476 cumdere-
1355 3409 1475 3499 Quare
1491 3413 1530 3481 in
1553 3414 1719 3482 omnibus
1738 3414 1806 3504 piis
1829 3412 2073 3503 congressibus
2089 3425 2168 3481 vota
2194 3411 2348 3481 coniun-

319 3510 397 3579 ditu
429 3531 493 3577 suo
525 3509 569 3577 ad
600 3505 794 3577 Ecclesiam
827 3523 1005 3596 ageretur,
1057 3506 1307 3599 imperatorem
1354 3537 1474 3602 gamus
1499 3539 1538 3582 ac
1563 3517 1729 3585 ardenter
1751 3528 1930 3605 petamus,
1971 3527 2011 3583 ut
2031 3513 2127 3584 Deus
2158 3512 2227 3580 sibi
2254 3512 2363 3585 inter-

318 3607 540 3707 †Carolum”
549 3605 576 3704 ⁵)
592 3611 798 3695 decrevisse,
820 3612 949 3691 ,tollere
962 3610 1109 3679 dissidia
1127 3612 1308 3682 doctrinae
1354 3639 1420 3684 nos
1436 3629 1605 3706 perpetuo
1619 3613 1812 3687 Ecclesiam
1827 3629 1941 3685 servet
1957 3640 1995 3683 ac
2015 3628 2129 3703 regat,
2160 3614 2263 3706 eique
2280 3609 2347 3683 ho-

292 3723 354 3784 'et
367 3713 521 3791 rituum,
548 3737 587 3781 ac
602 3715 874 3797 mandaturum,
907 3726 948 3782 ut
964 3712 1145 3782 communi
1160 3737 1308 3784 consen·
1354 3729 1451 3785 nesta
1469 3731 1505 3786 et
1521 3720 1711 3811 tranquilla
1728 3714 1882 3809 hospitia
1896 3718 2082 3798 concedat,
2114 3715 2365 3785 etnonsinat'

319 3840 360 3885 su
382 3815 613 3907 amplectatur
631 3814 824 3885 Germania
840 3819 979 3886 decreta
995 3814 1131 3908 Synodi
1152 3815 1309 3884 Triden-
1355 3820 1512 3909 extingui
1533 3821 1714 3888 doctrinae
1738 3822 1852 3889 lucem
1880 3845 1919 3889 ac
1939 3817 2065 3888 studia.
2118 3815 2215 3887 Haec
2239 3812 2347 3888 hodie

318 3920 424 4002 tinae,
450 3917 488 3985 in
505 3942 574 4011 qua
590 3942 686 3987 nunc
702 3919 892 3988 acerrimae
907 3917 1149 3986 contentiones
1165 3931 1249 3987 sunt
1265 3920 1308 3986 de
1353 3946 1494 4014 quoque
1510 3935 1688 4012 petamus,
1714 3947 1793 3992 cnm
1814 3922 1857 3990 ad
1875 3923 1983 3991 lunus
1996 3910 2190 3988 venerandi
2207 3919 2348 3988 domini

320 4020 479 4089 doctrina
495 4019 765 4093 iustificationis.
794 4019 1000 4111 Proponant
1014 4013 1227 4104 cothurnos,
1247 4033 1309 4088 arat
1350 4017 1510 4095 Nicolai
1529 4016 1692 4092 Rhodae
1715 4023 1984 4103 conveniemus,
2028 4021 2090 4114 qni
2114 4016 2193 4089 heri
2216 4043 2259 4090 ex
2279 4016 2346 4091 hac

319 4144 401 4192 suos
427 4143 561 4190 errores
584 4121 781 4204 stabilient3
814 4125 874 4191 sed
899 4144 955 4189 res
978 4115 1186 4214 ostendit⁶)
1221 4122 1307 4214 quid
1353 4120 1495 4194 mortali
1508 4127 1579 4195 vita
1597 4126 1635 4194 in
1651 4127 1834 4194 coelestem
1852 4136 2016 4194 evocatus
2035 4137 2095 4196 est.
2147 4121 2346 4193 Senexluit

318 4239 453 4314 agatur.
510 4218 587 4311 Ego
608 4225 652 4291 de
673 4222 751 4291 iure
777 4222 1010 4307 defensionis,
1053 4224 1148 4314 quod
1173 4222 1309 4314 scripsi,
1353 4250 1475 4295 amans
1509 4228 1691 4298 doctrinae
1723 4227 1900 4312 coelestis,
1941 4239 1975 4296 et
2008 4249 2090 4294 vera
2121 4223 2345 4294 invocatione

318 4327 449 4409 sentio,
476 4348 542 4393 nec
561 4320 589 4416 7)
611 4349 769 4418 unquam
789 4325 928 4400 locutus
948 4347 1027 4395 sum
1048 4324 1161 4398 aliter.
1213 4323 1307 4397 lttud
1332 4342 1336 4353 '
1352 4325 1468 4397 Deum
1487 4331 1607 4399 coluit.
1638 4329 1717 4400 Fiet
1733 4343 1850 4399 autem
1867 4329 1900 4398 ei
1913 4329 2020 4398 lanus
2029 4321 2137 4396 hodie
2153 4321 2242 4395 hora
2256 4327 2345 4395 dno·

318 4429 500 4520 deploravi
515 4441 550 4497 et
564 4423 681 4498 adhuc
695 4427 861 4518 deploro,
886 4426 1080 4518 principes,
1106 4428 1169 4520 qui
1186 4429 1307 4497 delen-
1353 4431 1499 4500 decima.
1552 4430 1656 4501 Tunc
1674 4431 1782 4521 igitur
1802 4432 1839 4499 in
1862 4431 2013 4520 plateam
2030 4428 2230 4518 proximam
2249 4427 2341 4497 aedi·

318 4532 400 4600 dere
426 4528 621 4600 Ecclesiam
648 4530 842 4610 debebant,
861 4586 864 4591 ,
882 4553 956 4598 non
988 4553 1182 4617 congruere
1215 4531 1308 4598 inter
1353 4533 1505 4602 busviri
1528 4528 1786 4619 honestissimi,
1820 4530 1985 4622 Magistri
1999 4521 2129 4599 Lucae
2142 4523 2341 4623 Edcbcrgii
2413 4542 2431 4611 5

316 4654 399 4703 sese.
450 4631 635 4719 Quantum
650 4632 855 4701 incendium
874 4633 914 4700 in
929 4632 1041 4721 patria
1059 4632 1307 4700 excitavitdux
1351 4634 1497 4704 veniant
1526 4636 1684 4725 magistri
1716 4649 1751 4705 et
1782 4629 1985 4706 scholastici
2006 4629 2229 4706 Academiae.
2277 4628 2336 4703 Die
2364 4666 2431 4725 ξ

316 4727 544 4803 Mauritius!
571 4732 621 4804 Et
636 4734 704 4804 alia
719 4735 830 4804 multa
845 4747 945 4814 sunt,
970 4755 1060 4825 quae
1075 4734 1233 4824 deploro.
1267 4730 1305 4803 Si
1352 4733 1413 4809 25.
1424 4735 1622 4808 Februarii.
1852 4731 1855 4735 ’

1355 4908 1577 4922 ψ.-

350 5008 377 5074 1)
395 5004 468 5060 llaec
479 5001 596 5060 cenavit
609 5005 673 5060 cod.
689 5003 773 5059 Goth.
788 5004 847 5059 190.
1384 5010 1411 5076 8)
1430 5008 1472 5062 lle
1484 5008 1586 5061 loanne
1600 5006 1726 5078 Agricola
1740 5003 1872 5076 loquitur.
1899 5003 1945 5062 Cl.
1958 5021 2001 5075 ep.
2018 5003 2045 5059 d.
2059 5003 2086 5056 d.
2101 5003 2143 5056 16.
2159 5002 2240 5058 Febr.

347 5090 426 5159 illu
445 5090 510 5145 cod.
531 5088 616 5144 Goth.
637 5091 696 5146 191.
716 5100 742 5145 et
765 5089 795 5146 iu
817 5091 882 5150 cod.
900 5092 982 5146 Mon.
1001 5089 1114 5160 epistola
1134 5088 1307 5161 inscribiturc
1384 5091 1414 5160 9)
1432 5093 1485 5160 ait]
1500 5090 1565 5149 cod.
1582 5090 1668 5149 Goth.
1684 5088 1758 5146 t9t.:
1776 5090 1860 5141 iudet.

383 5195 402 5231 n
410 5160 534 5228 ⁶⁶⁰'tl0
548 5159 653 5215 ffii‘m'
659 5161 690 5225 ”2⁰
705 5180 735 5214 0¹
748 5159 905 5215 ⁰⁰¹¹l²0¹¹¹r⁸
918 5158 1142 5216 ‘l‘ffll’fflllflm-
1387 5178 1431 5244 1⁰)
1451 5175 1534 5247 Quod
1547 5177 1714 5231 enarraturi
1723 5175 1882 5240 deliberabo]
1895 5172 1978 5230 codd.
1993 5190 2050 5226 uon
2063 5170 2173 5228 babent.

348 5244 376 5312 8)
395 5243 458 5303 vid.
471 5245 549 5317 epist.
563 5247 596 5299 ad
611 5245 708 5300 Ionam
722 5245 790 5314 «tc.
804 5243 832 5299 b.
846 5246 932 5300 Mart.
1388 5263 1433 5331 ιι)
1453 5261 1523 5314 cad.
1539 5259 1625 5315 Goth,
1641 5260 1701 5312 190.
1721 5261 1796 5316 cale,

346 5330 375 5399 1)
392 5327 464 5382 Cocl-
477 5328 563 5384 Goth.
575 5329 632 5384 191.
652 5332 745 5384 Nave.
1292 5329 1300 5343 ⁸
1386 5345 1430 5407 12)
1448 5343 1517 5398 cod.
1531 5342 1616 5398 Goth.
1630 5341 1691 5400 190.
1710 5359 1792 5410 quae.

348 5414 375 5482 6)
393 5412 507 5468 Addunt
520 5411 602 5467 codd.
613 5431 720 5467 omna.
1384 5430 1427 5496 ts)
1446 5432 1499 5498 est]
1516 5429 1601 5485 Menl.
1619 5436 1695 5485 erat.

346 5497 377 5562 6)
396 5495 486 5556 M¹¹¹l0
500 5501 638 5552 “imm
1385 5519 1429 5588 11)
1445 5517 1511 5570 died
1519 5514 1560 5570 M.
1572 5510 1635 5580 sea]
1652 5512 1714 5569 cod.
1728 5510 1810 5571 Goth.
1828 5513 1886 5568 191.
1904 5531 1961 5567 non
1973 5482 2061 5567 babel.

346 5583 376 5654 7)
396 5581 467 5637 coc.
481 5581 566 5640 Goth.
583 5579 642 5637 191.
655 5599 756 5651 mque.
