4882 6426
196 358 282 453 tet
628 322 634 328 ’
789 342 1232 433 urrsrouanou
1280 332 1392 434 ura.
1421 350 1470 432 x.
1521 340 1659 426 sset.
2158 320 2263 419 -tee

223 536 437 641 'Georgia
459 514 709 620 Fabricio,
747 524 975 628 gubernanti
996 521 1176 602 Subolem
1255 539 1442 600 conantur.
1501 519 1579 595 Deo
1600 517 1710 612 igitur
1732 490 1938 591 aeneam
1955 515 2268 590 commendemus.

612 630 805 712 Misnens.
1255 628 1330 703 Nos
1352 627 1522 722 explicate
1538 640 1572 697 et
1588 647 1670 696 vere
1694 620 1962 714 respondimus,
1985 631 2028 690 ut
2045 619 2121 713 ipsc
2139 618 2266 691 anim·

209 778 258 874 S·
282 791 330 870 D.
377 787 592 867 charissime
608 786 765 862 Fabrici.
814 779 914 858 Mihi
936 784 1039 856 crede
1061 779 1205 852 verissi-
1237 734 1432 841 .³dv⁰‘l⁰⁸⁰
1489 725 1587 800 Bm
1610 726 1700 799 γὼ
1748 723 1823 834 »υἷε
1846 719 1906 796 1⁰⁰
1928 719 2065 798 ΝΟΜ
2087 819 2128 897 Ρ.
2147 818 2208 894 Μ,

211 921 270 989 me
292 894 503 980 affirmanti,
526 891 557 963 si
578 904 614 963 et
629 885 780 963 scholae
801 901 955 972 vestrae,
980 898 1016 957 et
1029 879 1206 957 Ecclesia·
1822 954 1825 959 ‚

212 1022 293 1072 rum
314 998 354 1068 in
375 993 433 1067 his
454 994 660 1085 regionibus
677 988 927 1084 tranquillitati
943 989 1110 1080 prodesse
1124 1007 1207 1079 pos-
1267 1024 2268 1060 Μ

214 1123 306 1186 sem,
334 1121 558 1192 nequaquam
578 1118 636 1164 me
658 1094 864 1164 defuturum
886 1091 1000 1160 officio
1021 1112 1100 1158 meo
1115 1087 1154 1156 in
1169 1109 1208 1155 re

216 1214 324 1274 tanta.
373 1196 422 1270 Et
437 1221 538 1291 saepe
555 1196 816 1279 laetatussum,
838 1191 1119 1262 mediocriaesse
1134 1202 1209 1260 stu·
1260 1176 1327 1252 No.
1343 1171 1456 1252 4068.
1801 1184 1804 1186 ’
2102 1177 2163 1241 10.
2180 1165 2265 1234 Nor·

216 1303 275 1390 dia
299 1300 481 1372 doctrinae
502 1301 542 1368 in
567 1294 623 1367 his
642 1295 866 1386 regionibus,
891 1316 980 1389 quae
996 1291 1140 1386 quidem
1152 1291 1210 1358 in-
1267 1270 1440 1307 w
1727 1355 1735 1374 .
1941 1334 1943 1339 ⁴
2080 1260 2260 1296 Μ

216 1404 323 1497 genio
343 1415 407 1472 tuo
422 1400 599 1493 praeclare
616 1410 740 1468 ornata
753 1410 853 1479 sunt,
879 1408 915 1467 et
928 1397 1049 1466 Deum
1063 1417 1146 1478 oro,
1170 1403 1211 1462 ut
1675 1350 1846 1440 Eidem·

218 1506 283 1576 diu
304 1504 465 1575 floreant.
517 1498 589 1572 Sed
608 1513 747 1585 metuo,
771 1522 846 1569 non
862 1510 955 1568 astra
970 1510 1128 1582 tantum,
1150 1493 1211 1563 sed
1330 1506 1626 1585 strumentum
1645 1486 1840 1580 trancriptum
1859 1502 1890 1559 in
1908 1501 2060 1562 eaustus.
2073 1499 2264 1563 &usnemu

217 1605 324 1677 etiam
356 1598 546 1675 hominum
576 1602 746 1695 impetus,
786 1601 831 1671 de
863 1600 992 1696 quibus
1023 1620 1097 1668 non
1122 1596 1211 1666 libet
1368 1578 1432 1637 V⁰¹·
1445 1578 1467 1636 ¹·
1485 1598 1513 1652 e·
1526 1576 1570 1635 ⁶¹·

219 1707 424 1876 ”rihg‘ffl
527 1802 575 1821 .,
861 1800 869 1818 .
954 1799 961 1819 .
1077 1735 1094 1820 .’
1264 1735 1329 1812 Ad
1359 1731 1682 1811 tractantem
1698 1730 1759 1807 de
1790 1729 2032 1806 controversia
2062 1727 2264 1826 matrimo-

359 1818 484 1876 ratram
510 1795 1154 1898 t1b1habeodellIrcylhcarmme,
1178 1810 1213 1869 et
1390 1837 1491 1912 mah·
1513 1833 1737 1934 (cuiusdam)
1763 1857 1810 1909 ex
1832 1829 1969 1935 oppido
1989 1828 2129 1905 Tutor.

220 1908 377 1979 vicissim
397 1906 500 1976 mitto
522 1905 676 1996 pagellas
692 1907 736 1974 de
752 1901 887 1996 Eclipsi
900 1899 938 2000 *)
961 1920 1039 1997 post
1061 1904 1213 1974 biduum

219 2011 351 2084 futura.
401 2003 555 2077 Oremus
569 2018 686 2075 autem
701 2007 830 2092 Deum,
854 2003 1085 2078 Conditorem
1101 2016 1215 2073 astro·
1266 1978 1457 2086 Quispiam
1472 1990 1611 2063 iuvenis
1626 2014 1667 2060 ex
1680 1986 1868 2060 nobilitate
1880 1981 2075 2058 Bohemica
2091 1983 2195 2056 duxit
2208 1984 2265 2055 vi·

222 2135 325 2196 rum,
350 2121 392 2179 ut
414 2107 525 2178 leniat
547 2108 657 2190 mala,
691 2129 782 2200 quae
799 2107 1016 2199 impendent.
1066 2103 1164 2175 Bene
1180 2119 1215 2175 et
1265 2099 1373 2166 duam
1397 2092 1642 2178 iuvenculam,
1673 2116 1764 2186 quae
1787 2089 1919 2160 deinde
1939 2085 2127 2181 aliquoties
2143 2109 2164 2156 a
2180 2086 2261 2159 viro

220 2212 371 2283 feliciter
385 2209 481 2291 vale,
507 2203 712 2279 charissime
727 2221 762 2280 et
776 2208 975 2281 doctissime
992 2206 1147 2282 Fabrici.
1266 2196 1441 2280 discessit,
1466 2195 1528 2264 sed
1550 2194 1754 2265 assiduitate
1776 2192 1929 2285 quadam
1950 2189 2107 2260 officiosa
2117 2187 2188 2258 viri
2202 2212 2264 2258 re-

1267 2311 1388 2369 vocata
1416 2297 1592 2367 rediitad
1616 2319 1708 2369 eum.
1760 2291 1833 2365 Nec
1855 2305 1974 2364 tamen
1999 2291 2071 2362 fuit
2091 2291 2290 2361 diuturna.

1233 2416 1235 2422 '
1267 2401 1467 2472 concordia.
1501 2397 1663 2467 Tandem
1680 2396 1790 2486 igitur
1802 2414 1947 2487 prorsus
1962 2391 2120 2463 discessit
2133 2415 2154 2462 a
2168 2391 2262 2476 viro,

1267 2514 1304 2573 et
1323 2500 1510 2572 calumniis
1531 2499 1604 2569 suis
1617 2498 1751 2580 effecit,
1777 2510 1819 2568 ut
1830 2496 1887 2566 vir
1904 2495 1942 2575 iu
1958 2518 2133 2565 carcerem
2147 2491 2262 2564 conii-

233 2578 426 2658 Notout.
802 2664 805 2667 ,
1060 2587 1215 2711 lffl·
1268 2617 1422 2689 ceretur‚
1444 2603 1584 2695 iamque
1600 2602 1735 2718 abesta
1752 2596 1831 2669 viro
1848 2621 1962 2668 annos
1975 2595 2186 2680 duodecim,
2203 2595 2262 2664 in·

542 2762 608 2853 ιο.
633 2765 895 2858 uastas.
1172 2764 1176 2769 ·
1268 2698 2258 2894 eutuuuuuuxua2252}th

313 2923 392 2997 l&
405 2922 557 2983 0011001ffl·
570 2922 698 2982 Bellemt·
718 2925 818 2989 Vol-1.
834 2947 862 3002 p.
878 2926 922 2984 6⁵·
1370 2921 1532 2992 Primum
1558 2932 1678 3012 pastor
1699 2919 1740 2988 in
1760 2916 1912 3011 oppido,
1943 2916 2009 2988 ubi
2031 2917 2091 2988 vir
2113 2914 2262 2987 domici·

677 3081 685 3101 .
936 3083 944 3103 .
1269 3025 1358 3097 lium
1372 3020 1496 3109 habet,
1522 3022 1726 3094 citationem
1744 3023 1789 3091 ad
1803 3019 1924 3090 valvas
1940 3019 2064 3111 templi
2076 3032 2260 3112 proponat,

472 3078 682 3154 Iohanne
707 3080 972 3157 Mattbeseo
1442 3125 1452 3143 ·
1573 3125 1582 3140 ·
2059 3121 2069 3138 ·

1269 3151 1340 3223 qua
1363 3127 1549 3198 mullerem
1572 3125 1670 3194 ellam
1692 3146 1788 3192 ream
1807 3123 1855 3192 ad
1876 3135 2012 3208 certum
2031 3123 2129 3191 dcem
2152 3133 2259 3194 vocet.

222 3211 266 3302 S.
289 3227 336 3304 D.
386 3227 515 3301 Multis
542 3231 659 3302 modis
688 3232 804 3302 iacent
825 3228 1003 3303 Ecclesiae
1031 3251 1217 3322 oppressae
1268 3230 1353 3302 Sive
1376 3241 1494 3299 autem
1518 3225 1674 3310 venerit,
1700 3223 1774 3295 sive
1794 3248 1869 3293 non
1885 3222 2024 3293 venerit
2037 3222 2190 3307 mulier,
2214 3221 2259 3292 sic

223 3330 468 3423 episcoporum
502 3342 536 3400 et
568 3355 692 3420 regum
727 3333 924 3427 tyrannide.
978 3328 1129 3402 Etiamsi
1150 3353 1216 3399 nos
1267 3333 1435 3425 procedat
1449 3340 1569 3423 pastor
1585 3328 1723 3398 etierat
1739 3325 1964 3403 sententiam.
2007 3321 2050 3396 Si
2065 3323 2259 3394 mulierest

223 3430 450 3502 concedimus
479 3426 562 3501 huic
586 3434 684 3517 viro,
714 3435 761 3502 de
782 3459 853 3526 quo
874 3433 1018 3520 scribis,
1050 3446 1092 3505 ut
1111 3435 1217 3504 ducat
1268 3433 1445 3512 adultera,
1479 3428 1647 3499 facillima
1670 3441 1721 3500 est
1743 3427 1930 3503 sententia.
1991 3429 2145 3499 Accuset
2164 3424 2260 3496 enim

158 3558 161 3565 ·
223 3533 330 3602 aliam
345 3532 529 3623 coniugem
544 3527 613 3603 hoc
629 3534 806 3604 ordinent
817 3536 1075 3626 respondimus,
1092 3557 1217 3629 quam-
1268 3560 1345 3606 eam
1362 3533 1510 3605 maritus
1525 3529 1713 3616 adulterii,
1736 3530 1883 3600 etvelut
1898 3529 1937 3598 in
1951 3553 1990 3599 re
2008 3529 2153 3600 notoria
2171 3525 2262 3599 reci-

222 3633 277 3704 vis
292 3629 321 3728 ²)
349 3634 462 3705 multa
490 3634 744 3727 impedimenta
769 3651 972 3711 occurrunt.
1041 3635 1120 3710 Rex
1141 3658 1215 3703 non
1268 3651 1320 3710 tet
1342 3634 1620 3708 familiaritatem
1643 3632 1887 3703 adulterorum
1901 3630 1960 3702 vel
1977 3643 2083 3703 testes
2097 3632 2259 3706 addunt.

220 3733 393 3826 patietur3
417 3736 642 3826 magistratus
662 3739 769 3809 vestri
786 3762 860 3808 non
876 3738 1081 3831 permittent
1098 3748 1217 3829 pasto-
1267 3736 1335 3825 Et,
1359 3738 1389 3808 si
1406 3750 1456 3807 est
1468 3736 1645 3821 adultera,
1669 3749 1790 3827 pastor
1803 3734 2029 3827 pronuntiet,
2050 3733 2176 3804 vuum
2191 3752 2259 3804 esse

221 3836 323 3906 ribus
352 3836 450 3907 illam
479 3838 738 3929 cognitionem,
768 3840 921 3934 denique
946 3840 1076 3933 etipse
1096 3852 1216 3931 pastor
1268 3842 1421 3912 liberum
1445 3838 1490 3907 ab
1510 3833 1576 3908 hac
1596 3837 1746 3907 muliere
1769 3837 1946 3921 adultera,
1972 3849 2008 3908 et
2029 3833 2259 3920 concedatei

223 3982 328 4014 ......
348 3962 445 4010 nunc
461 3940 621 4031 exemplo
637 3935 855 4017 abhorrebit.
905 3938 1003 4043 Hace
1018 3955 1087 4013 mm
1102 3940 1214 4009 multa
1266 3956 1308 4015 ut
1330 3943 1437 4012 aliam
1457 3934 1642 4011 honestam
1657 3939 1841 4030 coniugem
1855 3932 2051 4009 christiano
2066 3951 2102 4008 et
2117 3936 2259 4030 publico

223 4039 475 4157 impedimenta
494 4042 620 4112 tollere
642 4065 709 4112 nos
731 4066 807 4112 non
830 4066 1027 4137 possumus.
1077 4042 1162 4124 Ideo
1184 4041 1215 4110 si
1266 4046 1340 4117 ritu
1354 4046 1469 4116 ducat.
1519 4040 1591 4114 Sed
1608 4040 1639 4112 si
1651 4042 1751 4111 nulla
1765 4054 1816 4111 est
1828 4040 1995 4111 adulterii
2009 4040 2120 4127 fama,
2144 4052 2260 4111 umen

222 4140 334 4210 vultrs
355 4141 411 4209 illi
431 4143 527 4212 bono
553 4142 631 4212 viro
653 4145 857 4229 consulere,
888 4145 1099 4230 deliberate,
1125 4168 1216 4238 qno-
1267 4146 1407 4230 citatio,
1431 4157 1472 4215 ut
1490 4142 1664 4228 diximus,
1690 4145 1891 4234 praecedat,
1915 4155 1957 4212 ut
1973 4141 2259 4233 muiiercompa-

222 4243 331 4312 modo
350 4265 407 4312 res
421 4243 638 4315 instituenda
652 4244 720 4331 sit,
744 4258 849 4340 teque
863 4247 971 4316 velim
988 4244 1126 4317 Pastori
1141 4247 1216 4316 eius
1266 4263 1341 4321 reat
1355 4249 1492 4318 dictura
1509 4268 1647 4330 causas,
1670 4270 1778 4338 quare
1793 4266 1868 4314 uon
1884 4243 1972 4313 velit
1982 4243 2079 4334 apud
2093 4243 2260 4316 maritum

222 4341 294 4413 loci
310 4344 497 4415 consilium
513 4347 617 4427 dare,
641 4371 791 4440 cumque
805 4342 953 4434 hortari,
975 4372 1022 4417 ne
1037 4348 1216 4420 dubitaret
1265 4353 1397 4425 vivere.
1448 4347 1488 4420 Si
1503 4346 1613 4437 igitur
1624 4370 1698 4416 non
1715 4346 1870 4424 venerit,
1895 4359 1930 4416 et
1946 4367 2021 4414 non
2034 4343 2172 4417 dixerit
2183 4366 2259 4415 cau·

222 4467 424 4536 proponere
447 4447 663 4523 citationem.
729 4446 821 4520 Cum
846 4450 942 4520 enim
962 4450 1117 4543 episcopi
1141 4474 1216 4520 non
1266 4477 1321 4526 sas
1335 4450 1549 4546 probabiles,
1564 4448 1699 4519 scilicet
1713 4445 1880 4519 adulterii
1896 4446 1976 4530 viri,
1991 4459 2052 4517 aut
2067 4446 2257 4527 saevitiam.

221 4560 316 4616 recte
338 4561 520 4619 exerceant
537 4549 687 4637 iudicia,
711 4574 849 4622 necesse
868 4567 938 4635 est,
963 4566 1120 4645 pastores
1135 4553 1215 4646 pios
1265 4555 1509 4627 mandandum
1533 4564 1585 4621 est
1606 4551 1729 4636 ei„ut
1749 4551 1793 4620 ad
1816 4551 1933 4619 virum
1948 4548 2086 4621 redcat.
2135 4543 2256 4620 Hocsi

222 4649 446 4719 conscientiis
461 4673 563 4742 opem
581 4652 685 4722 ferre.
1265 4682 1341 4730 non
1361 4658 1494 4726 iactura
1513 4668 1583 4738 cst,
1607 4665 1651 4730 ut
1665 4651 1874 4722 coniicimus
1891 4653 1935 4721 de
1952 4647 2031 4719 viro
2046 4672 2123 4719 non
2141 4649 2254 4720 estia-

323 4748 394 4819 Sed
420 4753 625 4845 tyrannides
655 4752 824 4844 paulatim
845 4754 937 4826 fiunt
959 4754 1156 4842 acerbiores
1180 4768 1215 4826 et
1264 4769 1324 4832 rna
1340 4755 1508 4829 adulterii
1522 4766 1583 4825 aut
1595 4754 1778 4838 saevitiae,
1804 4766 1887 4823 tunc
1905 4762 2027 4845 pastor
2041 4749 2255 4843 pronuntiet,

220 4849 475 4969 confirmantur
487 4857 532 4924 ab
546 4855 743 4949 aliquibus,
767 4856 829 4949 qui
842 4871 989 4950 propter
1001 4856 1214 4927 eruditionis
1263 4864 1382 4934 virum
1403 4860 1554 4930 liberum
1579 4878 1653 4925 esse
1678 4857 1724 4925 ab
1745 4849 1812 4925 hac
1833 4854 1985 4924 muliere
2004 4864 2179 4947 tanquam
2198 4852 2254 4922 de-

219 4963 253 5020 et
276 4954 469 5045 saptentiae
491 4957 697 5048 opinionem
721 4956 762 5026 in
781 4958 873 5029 aulis
887 4973 1054 5049 regnaut,
1078 4959 1142 5053 qui
1156 4958 1215 5030 lu·
1262 4964 1427 5047 sertrice,
1455 4973 1490 5032 et
1513 4959 1684 5029 concedat
1704 4958 1783 5028 viro
1801 4958 1930 5028 ducere
1945 4954 2054 5028 allam
2072 4944 2255 5026 holtheim

218 5075 293 5122 cem
313 5056 472 5127 veritatis
486 5060 638 5130 oderunt
652 5071 689 5130 et
703 5073 857 5130 veterem
872 5073 1001 5132 statum
1016 5062 1213 5134 instaurare
1262 5067 1447 5155 coniugem
1465 5056 1661 5134 christiano
1675 5073 1708 5131 et
1720 5061 1866 5153 publico
1881 5057 1967 5134 ritu.

224 5221 420 5240 ἡ
1003 5206 1010 5219 ’
1072 5291 1075 5296 ,
1130 5278 1132 5283 ,
1362 5197 1434 5272 Sed
1456 5198 1487 5266 si
1506 5220 1590 5273 non,
1601 5192 1820 5286 comparebit
1839 5193 1987 5276 mulier,
2018 5201 2059 5260 ut
2080 5187 2256 5260 existima-

247 5303 496 5443 *legssfupoffi
508 5327 648 5436 ⁶²1messss
660 5307 908 5435 (lrfflwffllssss
930 5313 1046 5435 poenire
1059 5312 1162 5372 editum
1176 5314 1212 5370 de
1260 5326 1360 5389 mus,
1390 5314 1510 5395 pastor
1534 5312 1654 5368 tumen
1676 5319 1776 5366 suam
1801 5296 2011 5367 sententiam
2029 5293 2138 5373 ieret,
2165 5290 2255 5360 side

275 5464 301 5514 ρ.
317 5447 388 5514 196„
408 5458 434 5501 ,ι
450 5416 617 5504 aucloritut
632 5418 806 5504 elocridicos
854 5391 1080 5508 ,hnffissnf‘nl’l'
1096 5383 1174 5458 ΨΜ·
1187 5385 1210 5441 ¹·
1260 5405 1339 5476 viro
1363 5428 1437 5487 non
1460 5413 1512 5472 est
1535 5401 1628 5470 lama
1649 5398 1818 5469 adulterii
1830 5411 1890 5470 aut
1907 5393 2095 5481 saevitiae,
2120 5406 2157 5464 et
2174 5417 2257 5486 pro·

242 5527 272 5596 ¹)
288 5529 398 5584 9⁰¹l¹¹⁸⁸
421 5537 530 5588 tamen.
850 5521 855 5531 ”
1259 5506 1458 5593 nuntiabit,
1482 5506 1601 5577 virum
1622 5500 1775 5574 liberum
1790 5522 1864 5573 esse
1882 5500 1929 5572 ab
1944 5493 2010 5570 hac
2024 5496 2182 5569 muliere
2196 5498 2257 5567 dc·
