4882 6426
306 337 379 412 166
679 351 681 355 ‘
728 395 732 399 .
886 331 1325 414 EPISTOLARUM
1378 332 1562 413 etex,
1615 329 1747 411 1546.
2274 332 2351 423 164

305 508 463 579 studiose
485 509 570 600 legit
593 533 650 596 ea,
683 533 772 603 quae
796 512 1058 595 scribebantur,
1090 521 1124 580 et
1145 532 1185 578 ea
1208 529 1298 601 quae
1348 504 1478 599 Liquet
1496 504 1590 576 idem
1607 531 1648 577 ex
1665 507 1750 599 ipsis
1764 502 1943 578 Ecclesiae
1958 503 2087 575 ritibus
2108 501 2146 572 in
2163 499 2229 573 bac
2243 504 2346 591 urbe,

304 611 477 681 iudicavit
498 636 579 681 vera
610 635 699 694 esse,
730 614 849 684 delere
873 638 948 684 non
981 604 1159 699 voluit'⁸).
1215 608 1297 680 Scio
1348 621 1384 678 et
1399 632 1440 677 ex
1455 608 1634 694 doctrina,
1659 635 1765 703 quam
1780 620 1884 679 sonat
1897 603 2054 676 Ecclesia
2072 620 2216 691 nostra,
2242 608 2346 678 cuius

303 711 409 781 etiam
435 736 537 804 saepe
562 738 641 783 eum
666 714 878 785 sciscitatum
899 718 942 786 de
955 716 1060 785 rebus
1076 712 1162 804 ipsis
1172 704 1299 783 erudi·
1348 732 1484 779 summa
1511 709 1551 778 in
1573 711 1791 781 consessione
1813 709 1995 803 perspicue
2012 703 2263 798 comprehensa
2281 723 2345 780 est.

192 802 196 806 i
304 826 423 884 torum
446 827 480 883 et
496 815 693 905 sapientum
707 817 917 904 sententias,
942 830 977 888 et
993 816 1087 885 inco
1106 826 1296 896 conventu,
1349 808 1457 900 Quod
1482 810 1563 880 ideo
1584 813 1714 898 recito,
1738 828 1778 883 ut
1803 837 1878 882 non
1901 811 2017 878 solum
2032 811 2257 880 considerent
2279 811 2345 901 pii,

304 939 409 1007 quem
440 915 478 983 in
500 917 588 985 urbe
608 912 805 1008 Agrippina
829 916 979 990 Colonia
1010 917 1080 1007 egit
1103 915 1298 1008 Imperator
1348 936 1436 1005 quos
1458 936 1595 984 errores
1621 915 1812 1001 taxaverit,
1836 935 1926 1009 quae
1947 912 2041 980 idola
2064 911 2247 983 sustulerit
2266 911 2344 987 Lu,

303 1013 454 1086 Carolus
469 1016 512 1086 V.
538 1032 617 1109 post
644 1021 927 1106 coronationem,
961 1016 1165 1088 Erasmum
1185 1013 1298 1088 Rote-
1347 1008 1489 1100 therus,
1512 1015 1574 1084 sed
1591 1017 1696 1086 etiam
1714 1018 1845 1102 sciant,
1871 1014 2092 1104 complexum
2107 1015 2343 1085 esseuniver-

303 1119 491 1187 rodomum
506 1133 665 1189 amanter
687 1144 823 1206 orasse,
848 1139 888 1194 ut
905 1122 1016 1193 libere
1031 1121 1183 1200 diceret,
1208 1142 1296 1185 num
1346 1140 1420 1185 sam
1442 1117 1640 1187 doctrinam
1663 1113 1840 1188 Ecclesiae
1865 1114 2116 1199 necessariam,
2148 1128 2182 1184 et
2204 1116 2345 1206 purita-

305 1241 421 1289 errare
436 1213 635 1291 Lutherum
657 1221 697 1290 in
718 1222 762 1291 iis
774 1223 1024 1293 controversiis
1041 1221 1231 1304 iudicaret,
1253 1220 1296 1287 de
1346 1232 1416 1289 tem
1431 1217 1471 1285 in
1494 1217 1622 1287 ritibus
1640 1221 1851 1306 restituisse,
1877 1232 1911 1288 et
1932 1217 2002 1308 piis
2021 1217 2179 1310 exempla
2202 1217 2343 1288 instau-

303 1319 434 1412 qnibus
448 1322 636 1413 praecipue
650 1324 881 1398 disseruisset.
933 1324 990 1395 lbi
1006 1321 1175 1393 Erasmus
1190 1323 1296 1414 plane
1345 1321 1537 1390 randarum
1558 1316 1797 1392 Ecclesiarum
1818 1332 2041 1409 monstrasse.
2099 1316 2153 1389 Ac
2167 1319 2255 1390 utile
2277 1333 2342 1406 est,
2417 1394 2421 1401 ,

302 1422 410 1506 dixit,
442 1438 535 1494 recte
566 1424 697 1493 sentire
715 1420 932 1513 Lutherum,
964 1428 1025 1496 sed
1055 1425 1235 1494 lenitatem
1259 1445 1295 1491 se
1345 1422 1583 1512 posteritatem
1604 1423 1712 1509 scire,
1739 1423 1826 1517 quid
1842 1420 2045 1515 probaverit
2060 1415 2250 1490 Lutherus.

301 1523 342 1590 in
364 1547 405 1591 eo
427 1523 657 1598 desiderare..
696 1524 778 1614 Qua
801 1529 846 1596 de
871 1552 910 1598 re
941 1527 1146 1618 gravissime
1174 1539 1293 1616 postea
1447 1521 1542 1593 Illud
1560 1548 1836 1595 commemorare
1851 1520 1919 1595 hoc
1935 1523 2013 1591 loco
2029 1521 2126 1607 nolo,
2153 1521 2216 1615 qui
2228 1523 2341 1615 primi

300 1620 382 1692 Dux
397 1621 601 1696 Fridericus
617 1627 662 1696 ad
677 1622 875 1698 Lutherum
895 1631 1071 1714 scribens,
1094 1629 1197 1697 valde
1213 1650 1293 1695 eum
1345 1623 1486 1713 publice
1509 1626 1740 1717 praebuerint
1764 1642 1939 1718 utranque
1960 1638 2095 1714 partem
2118 1649 2248 1694 coenae
2261 1622 2340 1695 Do·

299 1718 461 1795 hortatus
492 1740 563 1811 est,
595 1742 637 1799 ut
670 1729 753 1822 styli
787 1732 1011 1821 asperitatem
1037 1731 1292 1799 moderaretur.
1342 1724 1455 1810 mini,
1487 1726 1550 1820 qui
1577 1726 1684 1819 primi
1707 1729 1892 1798 omiserint
1921 1725 2075 1816 privatas
2099 1726 2239 1810 missas,
2272 1727 2339 1797 ubi

300 1823 448 1897 Constat
465 1827 571 1897 etiam
585 1823 784 1899 Lutherum
803 1828 989 1903 Cardinali
1004 1821 1187 1902 Caietano
1209 1854 1293 1921 pro·
1343 1828 1481 1897 deserta
1504 1828 1575 1898 sint
1596 1829 1752 1918 primum
1776 1826 2001 1909 monasteria.
2051 1824 2142 1895 Nam
2155 1823 2338 1901 Lutherus

298 1927 490 1998 missurum
504 1929 611 2000 luisse
625 1932 826 2017 silentium,
852 1934 881 2003 si
897 1933 1107 2007 adversariis
1120 1933 1224 2002 etiam
1244 1931 1293 1998 si·
1324 1928 1385 1996 -de
1409 1924 1465 1998 his
1488 1931 1646 1999 materiis
1665 1945 1748 2000 ante
1769 1944 2004 2013 conventum,
2030 1928 2092 2021 qui
2108 1929 2177 1999 fuit
2192 1928 2231 1998 in
2247 1930 2338 2000 urbe

297 2027 449 2114 lentium
465 2030 692 2107 indiceretur.
753 2031 834 2121 Qua
857 2059 899 2105 ex
922 2061 961 2105 re
984 2035 1167 2128 perspicue
1183 2034 1291 2103 intel·
1344 2026 1569 2119 Vangionnm
1595 2056 1691 2102 anno
1718 2027 1842 2119 1521„
1875 2044 2015 2102 tantum
2043 2053 2154 2121 pauca
2177 2031 2338 2121 disputa·

210 2190 213 2194 a
270 2129 361 2219 'ligi
385 2144 517 2222 potest,
538 2145 623 2203 tunc
647 2133 791 2227 quidem
809 2139 972 2208 nondum
989 2161 1070 2208 eum
1085 2136 1290 2215 decrevisse,
1340 2145 1451 2204 verat.
1509 2130 1617 2204 Ritus
1647 2159 1722 2204 non
1744 2133 1895 2204 mutavit
1916 2134 2007 2225 ipse,
2039 2133 2100 2201 sed
2123 2158 2164 2204 co
2190 2134 2336 2204 absente

295 2231 364 2301 alia
379 2255 416 2301 se
432 2232 598 2326 deinceps
613 2249 794 2306 moturum
808 2260 881 2308 esse
896 2239 1100 2323 certamina,
1114 2239 1174 2306 sed
1193 2250 1291 2306 tran·
1340 2219 1628 2303 Carolostadius
1651 2250 1687 2306 et
1718 2235 1779 2305 alii
1807 2236 1898 2305 ritus
1926 2246 2121 2308 mutarunt.
2171 2230 2335 2327 Cumque

295 2332 483 2426 quillitatis
505 2336 674 2428 cupidum
700 2338 827 2419 fuisse,
862 2341 921 2410 sed
943 2341 1113 2431 paulatim
1135 2340 1182 2408 ad
1204 2339 1290 2407 alias
1340 2336 1512 2424 quaedam
1541 2338 1795 2407 tumultuosius
1822 2339 1959 2408 iecisset
1987 2332 2253 2407 Carolostadius
2269 2333 2335 2434 ¹⁷),

293 2435 458 2504 materias
479 2449 694 2527 pertractum
715 2435 866 2532 esse¹⁸),
899 2443 1058 2537 undique
1087 2441 1290 2512 lacessenti·
1340 2435 1480 2505 rediens
1501 2433 1700 2522 Lutherus,
1719 2439 1807 2531 quid
1829 2441 1996 2531 probaret
2016 2452 2078 2522 aut
2099 2462 2174 2507 non
2200 2439 2333 2530 proba-

293 2535 361 2606 bus
375 2560 458 2607 cum
472 2536 624 2609 indoctis
638 2541 881 2630 scriptoribus.
1339 2547 1409 2622 ret,
1440 2538 1545 2609 editis
1571 2562 1655 2611 suae
1678 2540 1871 2612 sententiae
1892 2537 2086 2634 perspicuis
2109 2539 2332 2628 testimoniis,

394 2635 541 2709 Secutae
564 2655 645 2711 sunt
677 2641 787 2730 igitur
812 2642 1069 2736 disputationes
1094 2645 1139 2714 de
1162 2642 1288 2714 discri-
1338 2638 1542 2714 declaravit.
1785 2642 1792 2647 ’
2254 2704 2259 2709 .

292 2738 389 2809 mine
413 2740 532 2830 legum
552 2741 756 2814 divinarum
780 2757 814 2815 et
837 2740 1096 2827 humanarum,
1131 2748 1175 2817 de
1197 2759 1286 2817 tetra
1439 2739 1579 2811 Scimus
1606 2743 1769 2831 politicos
1790 2741 1888 2812 viros
1914 2734 2141 2813 vehementer
2164 2743 2331 2813 detestari

291 2836 575 2932 prophanatione
601 2868 731 2914 coenae
760 2843 927 2932 Domini,
962 2848 1001 2916 in
1024 2845 1231 2918 venditione
1253 2862 1287 2917 et
1336 2864 1459 2911 omnes
1491 2845 1724 2930 mutationes,
1759 2858 1794 2914 et
1824 2843 2007 2912 latendum
2041 2857 2112 2929 est,
2142 2844 2330 2914 discordiis

291 2942 529 3034 adplicatione
551 2944 627 3014 eius
650 2971 716 3037 pro
741 2947 832 3020 aliis.
890 2947 960 3019 Hic
986 2950 1191 3042 explicanda
1213 2963 1285 3020 tota
1336 2943 1441 3011 etiam
1456 2946 1826 3037 propterjustissimas
1840 2967 1961 3014 causas
1976 2945 2101 3026 motis,
2128 2941 2246 3016 iuhac
2262 2947 2329 3016 tri-

292 3044 453 3114 sacrilicii
482 3046 573 3119 ratio
601 3047 688 3133 suit,
720 3061 755 3120 et
785 3052 1025 3121 ostendendus
1049 3075 1135 3122 usus
1160 3048 1286 3122 Sacra·
1335 3043 1379 3114 sti
1402 3048 1608 3117 confusione
1624 3048 1717 3118 vitae
1739 3043 2067 3137 humanaescmper
2082 3046 2219 3140 aliquid
2240 3046 2328 3117 mali

290 3160 504 3220 mentorum.
554 3145 716 3242 Cumque
733 3150 802 3218 iam
818 3152 984 3223 audirent
999 3148 1162 3222 homines
1178 3153 1230 3244 pii
1245 3153 1284 3221 in
1334 3145 1485 3216 misceri.
1537 3148 1605 3219 sed
1625 3162 1744 3218 tamen
1761 3150 1800 3216 in
1813 3142 2327 3241 Ecclesia¹⁸)necesseestan·

234 3244 237 3263 ¹
291 3249 515 3317 monasteriis
536 3249 703 3339 fugienda
725 3273 798 3321 esse
821 3253 935 3337 idola,
961 3255 1139 3324 discedere
1160 3255 1284 3323 exim·
1333 3247 1453 3316 ieferri
1481 3252 1688 3320 mandatum
1711 3248 1780 3319 Dei
1812 3249 1980 3319 omnibus
2008 3251 2115 3321 rebus
2150 3246 2328 3322 humanis·

290 3347 349 3439 pia
374 3350 543 3419 servitute
565 3365 745 3443 ceperunt.
796 3348 952 3426 Addidit
973 3355 1081 3445 igitur
1104 3352 1284 3426 Lutlrcrus
1333 3344 1509 3420 Aeternus
1533 3365 1631 3442 pater
1659 3347 1752 3421 hanc
1774 3375 1897 3420 vocem
1923 3352 1966 3420 de
1989 3349 2082 3420 Filio
2106 3352 2234 3422 edidit:
2268 3348 2327 3422 hie

290 3450 336 3518 ad
360 3450 625 3540 explicationem
649 3452 1143 3547 doctrinaedepoenitentia,
1169 3460 1284 3527 dere.
1332 3463 1385 3519 est
1404 3450 1497 3521 filius
1511 3471 1610 3523 meus
1625 3453 1795 3537 dilectus,
1821 3447 1917 3522 hunc
1937 3453 2066 3526 audite.
2117 3450 2165 3523 Et
2180 3446 2351 3524 minita?

290 3551 459 3621 missione
486 3566 725 3643 peccatorum,
758 3558 802 3624 de
831 3556 921 3643 lide,
959 3560 1003 3629 de
1038 3559 1283 3649 indulgentiis,
1332 3565 1391 3620 tur
1412 3566 1591 3623 aeternam
1614 3557 1703 3624 iram
1730 3549 1961 3645 blasphemis,
1988 3550 2055 3623 hoc
2077 3568 2147 3641 cst,
2173 3556 2236 3641 iis,
2260 3555 2323 3648 qui

290 3653 419 3723 deinde
433 3667 467 3723 et
483 3649 545 3724 has
556 3657 728 3741 materias,
743 3658 932 3729 discrimen
947 3661 1062 3751 legum
1077 3663 1280 3732 divinarum
1331 3653 1484 3742 agnitam
1507 3657 1690 3727 veritatem
1707 3659 1824 3726 delere
1844 3669 2029 3730 conantur.
2082 3640 2200 3747 Quare
2222 3658 2324 3747 pium

290 3766 325 3824 et
355 3750 610 3842 humanarum,
642 3773 677 3829 et
692 3759 891 3829 doctrinam
912 3763 957 3831 de
978 3786 1045 3834 usn
1061 3787 1189 3835 coenae
1204 3762 1280 3836 Dn.
1332 3767 1365 3824 et
1386 3758 1620 3827 necessarium
1644 3760 1799 3828 officium
1826 3757 1895 3826 fuit
1916 3754 2086 3843 Lutheri‚
2116 3760 2322 3849 praesertim

288 3855 380 3924 mini
403 3870 437 3927 et
460 3857 611 3929 aliorum
637 3875 936 3931 sacramentorum
957 3876 992 3933 et
1016 3865 1180 3938 devotis,
1231 3865 1280 3937 Εῑ
1330 3880 1410 3924 cum
1440 3855 1634 3929 Ecclesiam
1657 3857 1727 3930 Dei
1760 3856 1919 3944 doce'ret,
1953 3873 2071 3929 taxare
2106 3861 2323 3953 perniciosos

288 3951 375 4050 haec
393 3958 538 4030 fuerunt
561 3962 749 4054 praecipua
772 3964 977 4039 certamina.
1028 3966 1278 4057 Quaestionem
1330 3981 1485 4044 θῑῑθΐθδ,
1518 3986 1607 4054 <1⁰⁰³
1636 3957 1801 4031 homines
1831 3958 2001 4052 Epicurei
2034 3963 2139 4031 eiiam
2150 3957 2197 4057 19)
2227 3986 2321 4034 nova

287 4059 332 4129 tle
341 4056 411 4131 Ro.
419 4056 586 4154 Episcopi
599 4077 769 4161 potestate
777 4060 913 4135 Eccius
928 4069 1060 4152 movit,
1082 4092 1155 4137 non
1172 4071 1278 4140 aliani
1328 4058 1547 4151 impudentia
1564 4065 1810 4146 cumulabant,
1832 4076 1868 4133 et
1881 4063 2058 4133 auditores
2072 4078 2164 4134 reete
2177 4064 2321 4134 docenti

288 4160 336 4230 ob
351 4184 509 4245 causam,
536 4164 605 4232 nisi
621 4179 661 4233 ut
674 4169 878 4237 accenderet
895 4166 1076 4239 pontificis
1091 4183 1125 4240 et
1138 4169 1278 4263 Regum
1328 4164 1489 4232 assentiri
1506 4188 1644 4235 necesse
1662 4165 1742 4238 fuit.
1794 4163 1832 4235 si
1851 4159 1934 4233 raro
1952 4166 2240 4236 mutatioodiosa
2257 4179 2320 4253 est,

287 4263 369 4332 odia
391 4264 559 4334 adversos
585 4289 677 4338 eum.
726 4266 896 4360 Symbola
919 4295 1003 4339 vero
1022 4270 1278 4362 Apostolicum,
1327 4262 1357 4332 si
1386 4263 1425 4333 in
1452 4265 1629 4337 discordia
1656 4268 1769 4337 multa
1795 4282 1879 4336 sunt
1905 4267 2149 4353 incommoda,
2182 4282 2223 4338 ut
2243 4292 2319 4340 esse

285 4361 461 4435 Nicenum
502 4378 538 4435 et
570 4362 852 4437 Athanasianum
892 4372 1081 4462 purissime
1121 4374 1279 4460 retinuit,
1327 4364 1438 4436 mulia
1454 4390 1580 4458 magno
1596 4394 1675 4439 cum
1691 4370 1814 4439 dolore
1832 4368 2026 4449 cernimus,
2052 4370 2156 4462 culpa
2173 4383 2317 4442 estium

285 4461 425 4535 Deinde
444 4466 482 4534 in
503 4466 678 4541 ritibuset
692 4469 942 4542 traditionibus
958 4469 1124 4546 humanis
1141 4479 1225 4569 quid
1244 4493 1278 4548 et
1328 4467 1493 4555 fflOrUm,
1525 4471 1588 4561 (illi
1614 4471 1717 4542 ῑῐὶῖῑὶθ
1741 4493 1877 4540 ermes
1903 4485 2123 4560 sparserunt,
2149 4485 2225 4543 ium
2248 4466 2317 4542 ho-

286 4589 350 4636 cur
366 4570 576 4640 mutandum
589 4570 654 4656 sit,
679 4572 762 4642 satis
780 4573 919 4664 copiose
942 4574 980 4643 in
1000 4577 1122 4646 multis
1138 4580 1277 4671 scriptis
1326 4594 1425 4655 rum,
1446 4571 1508 4663 qui
1531 4596 1628 4642 nunc
1650 4597 1709 4642 e0s
1723 4571 1899 4643 diahOiiffl
1914 4574 2168 4649 0d50i1¹⁰1¹it1h
2219 4571 2318 4645 Haec

285 4670 449 4760 exponit,
473 4667 522 4741 Et
546 4672 632 4764 quid
655 4674 801 4744 retineri
822 4675 993 4761 voluerit,
1018 4691 1054 4749 et
1075 4704 1180 4771 quam
1201 4681 1275 4762 for·
1325 4695 1399 4740 non
1421 4674 1529 4740 modo
1553 4697 1595 4742 eo
1621 4682 1877 4756 commemoro,
1902 4687 1942 4744 ut
1963 4669 2160 4745 Lutherum
2182 4689 2217 4745 et
2238 4675 2317 4746 eius

282 4792 378 4838 mam
394 4771 574 4842 doctrinae
590 4786 625 4843 et
639 4776 955 4847 administrationis
967 4777 1273 4852 sacramentorum
1325 4773 1504 4843 auditores
1519 4775 1721 4860 defendam.
1742 4777 1802 4844 sed
1826 4775 1932 4844 eliam
1951 4788 1993 4845 ul
2007 4777 2085 4866 piae
2098 4790 2230 4847 menits
2245 4771 2316 4848 hoc

282 4872 501 4963 probaverit,
548 4875 658 4968 liquet
692 4900 733 4944 err
770 4879 1006 4963 confessione,
1054 4906 1160 4973 quarn
1192 4881 1273 4954 Dux
1324 4890 1480 4966 tempore
1503 4889 1536 4944 et
1553 4877 1594 4945 ad
1617 4877 1857 4967 posteritatem
1874 4877 2046 4967 cogitent,
2071 4880 2185 4972 qualis
2209 4878 2256 4949 sit
2279 4892 2317 4950 et

283 4970 456 5043 Saxoniae
477 4970 622 5046 Elector
641 4971 852 5063 Iohannes,
878 4993 913 5050 et
934 4979 1103 5074 Princeps
1119 4977 1270 5082 Philip.
1322 5000 1460 5067 semper
1475 4977 1581 5048 suerit
1597 5002 1698 5048 verae
1707 4974 1959 5048 EcclesiaeDei
1975 4982 2202 5067 gubernatio,
2222 5004 2316 5073 quo-

278 5096 350 5168 pus
367 5074 806 5173 LandgraviusCattorum
824 5094 886 5163 etc,
901 5081 939 5149 in
955 5099 1132 5172 conventu
1148 5084 1271 5176 Augu·
1322 5080 1428 5149 modo
1449 5076 1547 5150 Deus
1575 5080 1644 5151 sibi
1665 5104 1751 5151 voce
1771 5077 1958 5170 Evangelii
1987 5095 2165 5152 aeternam
2188 5078 2317 5153 Eccle-

281 5188 382 5245 stano
413 5176 503 5270 tmp-
530 5176 659 5296 Carolo
687 5179 729 5251 V.
758 5206 852 5252 anno
882 5179 993 5258 1630.
1023 5181 1269 5264 exhibuerunt.
1318 5218 1608 5390 Euladra-rtem
1626 5279 1779 5326 munuae
1790 5300 1872 5318 -..
1887 5299 1921 5316 -
1935 5271 2163 5341 Momm]
2184 5271 2214 5329 in
2231 5273 2316 5332 Dect.

1387 5356 1450 5410 pne
1464 5357 1584 5396 emma·

315 5409 361 5471 15)
380 5417 407 5461 et
422 5426 473 5476 ea,
491 5426 564 5478 quoe
580 5411 710 5465 barbarie
724 5441 756 5455 -
767 5415 867 5485 voluit]
887 5415 1072 5489 praetermissa
1086 5416 1116 5473 in
1128 5416 1208 5476 Deel.
1353 5423 1397 5492 18)
1416 5421 1496 5479 Decl.
1513 5423 1616 5478 addunt
1624 5424 1729 5492 soteri.

313 5492 356 5562 16)
374 5501 445 5562 erse]
463 5492 542 5551 Deci.
553 5491 659 5563 subse.
1353 5508 1399 5579 19)
1416 5509 1516 5578 etiarn]
1534 5510 1615 5567 Deel.
1632 5520 1670 5569 et.
