4882 6426
315 307 384 364 xvi
819 279 1089 361 annualis
1123 284 1311 366 vinuli
1343 286 1480 366 MEL.
1532 289 1663 371 1547.
1717 292 1849 373 teta

335 398 421 464 Set.

291 516 295 523 ·
363 423 421 570 1P8.
453 491 584 558 Mittitur
598 495 677 556 alins
690 491 764 558 Mel.
779 492 817 556 ad
831 504 974 574 matrem,
1000 515 1089 580 qnam
1103 498 1517 584 maxsequiturMelanthon
1537 503 1602 584 ipse
1617 468 1709 568 simul
1723 524 1794 569 cnm
1810 501 1939 583 actuo,
1966 523 2020 587 qur
2008 496 2199 570 advenerat.

453 611 591 676 Exeuntc
603 633 706 674 meuse
719 623 763 675 est
777 608 965 690 Northusae,
990 615 1044 675 ubi
1059 628 1261 680 commoratus
1275 630 1319 681 est
1335 640 1430 704 usque
1443 617 1522 682 add.
1538 624 1571 690 8.
1586 615 1658 683 Oct.

334 722 422 800 ΙΟιι.
835 722 838 728 ’

257 934 261 943 ¹
335 852 343 864 ’
388 859 422 923 6.
454 847 628 913 Northusae
643 863 771 913 osteum
783 845 908 913 Sabino.
935 877 986 896 -
1036 846 1208 913 Erotemata
1220 847 1394 914 dialectices
1411 853 1596 933 prodierunt.

454 965 549 1031 Mittit
565 963 696 1048 Georgio
711 964 882 1030 Anhaltino
898 971 1065 1030 orationem
1080 968 1118 1029 de
1132 970 1231 1031 verbis
1242 964 1330 1031 Pauli
1347 979 1365 1038 1
1384 965 1523 1034 Timoth.
1541 973 1576 1051 4,
1598 978 1654 1041 16.
1672 967 1795 1035 uitanda
1809 969 1931 1034 lectioni
1943 985 1999 1034 etc.

366 1095 423 1155 ιο.
453 1082 527 1147 Mel.
545 1089 655 1146 iterum
668 1096 712 1145 est
725 1081 945 1164 Wittebergae.
1058 1171 1060 1176 Ι
1454 1108 1457 1112 >

367 1209 423 1271 16.
455 1199 647 1261 instauratio
662 1197 855 1263 Acadentae.
884 1230 931 1247 -
982 1196 1056 1263 Mel.
1071 1200 1180 1289 indicit
1192 1205 1410 1265 enarrationem
1424 1205 1568 1286 epistolae
1585 1204 1623 1267 ad
1636 1200 2036 1275 calumniatore
2055 1204 2266 1268 inchoandam.

455 1317 585 1382 Sabinus
600 1317 677 1380 redit
688 1315 938 1398 Regiomontum.

367 1441 423 1505 18
455 1434 527 1500 Mel.
546 1437 649 1496 scribit
663 1432 864 1514 Northusam,
889 1446 925 1496 ut
941 1434 1057 1496 familia
1072 1436 1171 1499 veniat
1190 1432 1424 1517 Wittebergam.

457 1551 530 1615 Tria
546 1555 641 1613 millia
656 1555 867 1634 exemplorum
885 1551 1053 1618 dialecfiuu
1067 1553 1188 1618 vendita
1202 1566 1292 1632 sunt·
1318 1573 1409 1637 quare
1425 1555 1487 1614 iam
1501 1554 1663 1616 recuditur.

277 1649 282 1659 s
364 1671 422 1739 24.
456 1669 582 1730 Inchoat
599 1672 742 1730 lectiones
756 1671 901 1749 publicas.

367 1795 425 1856 26
456 1784 585 1848 Scribit:
614 1782 805 1863 „Dialectica
824 1784 992 1861 recuditur3
1019 1788 1075 1847 etsi
1092 1806 1155 1846 uon
1171 1789 1267 1846 multa
1289 1800 1394 1866 muto,
1420 1801 1519 1848 tamen
1534 1786 1626 1847 editio
1647 1789 1795 1868 posterior
1811 1786 1995 1849 emendatior
2012 1777 2097 1847 erit.’'
2124 1817 2170 1836 ··
2226 1786 2355 1865 „Hodie

505 1831 646 1968 respondi
661 1883 813 1969 Episcopo
829 1883 1055 1966 cantuariensi,
1081 1891 1135 1971 qui
1149 1908 1199 1947 me
1213 1890 1246 1946 iu
1261 1884 1407 1968 AnglIam
1421 1877 1541 1951 vocat.''
1566 1923 1615 1940 —
1669 1885 1853 1951 Camerarius
1868 1890 1944 1950 redit
1958 1883 2107 1969 Lipsiam.

347 2006 427 2071 Nor.
956 1998 959 2002 ⁴

393 2127 427 2191 4.
458 2122 594 2204 Rogatus
612 2144 629 2182 a
644 2123 828 2184 scholasticis
843 2133 958 2184 enarrat
974 2123 1128 2202 proverbia
1140 2116 1321 2183 Salomonis.

368 2251 426 2311 10.
458 2240 553 2303 Mittit
570 2242 673 2301 amicis
691 2261 808 2302 carmen
824 2239 861 2298 de
876 2242 980 2320 eclipsi
996 2242 1078 2301 solis.
1121 2256 1128 2261 “

307 2408 315 2415 .
371 2369 426 2431 13.
460 2354 575 2419 Gratias
589 2361 649 2436 agit
664 2355 743 2439 Regi
756 2356 890 2434 Daciae,
916 2376 1014 2440 aquo
1031 2355 1078 2422 60
1094 2351 1293 2417 loachimicos
1309 2353 1389 2416 dono
1405 2368 1567 2435 acceperat.

368 2485 427 2547 19.
459 2473 512 2535 Est
526 2469 660 2554 Lipsiae.

372 2606 429 2666 24.
460 2591 573 2652 lterum
588 2603 710 2652 vocatus
725 2602 768 2650 est
782 2610 800 2650 a
814 2587 989 2651 Marchione
1002 2586 1141 2650 Electora
1156 2593 1189 2650 in
1204 2586 1402 2651 Academiam
1416 2588 1630 2668 Fraucol'ord.,
1657 2591 1708 2651 cui
1724 2588 1755 2652 d.
1773 2587 1831 2657 26.
1845 2583 1924 2649 Nor.
1940 2589 2104 2670 respoudit.

367 2722 426 2783 29,
459 2707 506 2770 De
521 2705 703 2769 Academiae
718 2705 862 2769 reditibus
885 2721 915 2769 et
936 2709 1091 2789 stipendiis
1114 2706 1273 2768 doctorum
1295 2706 1432 2769 noudum
1451 2709 1648 2768 coustitutum
1670 2720 1725 2769 est·
1774 2702 1890 2767 Aberat
1905 2698 2064 2769 Mauritius
2082 2704 2201 2769 Elector
2224 2709 2257 2766 iu
2271 2704 2355 2767 Con-

509 2823 601 2872 venta
615 2807 805 2890 Augustano.
1401 2821 1409 2834 “

354 2931 430 2996 Dec.

397 3061 429 3119 2.
462 3045 499 3107 ln
513 3044 615 3107 schola
629 3047 737 3128 repetit
756 3041 974 3106 confessionem
989 3043 1140 3106 doctrinae
1157 3061 1281 3125 eamque
1297 3042 1426 3123 opponit
1441 3040 1565 3104 decretis
1578 3036 1697 3124 Synodi
1713 3038 1917 3104 Tridentinae.
1931 3132 1932 3136 Ἰ

270 3154 273 3161 ’
374 3177 435 3239 13.
461 3162 548 3227 Nora
564 3166 656 3225 editio
671 3162 836 3222 dialectices
854 3163 989 3222 absoluta
1004 3172 1059 3240 est,
1085 3165 1117 3222 in
1135 3170 1193 3243 qua
1212 3159 1357 3243 quaedam
1368 3163 1508 3220 mutarit.

464 3279 602 3343 Adomat
613 3281 825 3342 relirtationem
838 3278 1025 3339 decretorum
1044 3274 1163 3359 Synodi
1178 3274 1390 3354 Tridentinae,
1416 3274 1556 3353 Zieglero
1569 3271 1722 3358 Lipsiensi
1737 3278 1839 3337 scribit
1854 3279 2038 3353 orationem,
2065 3278 2153 3357 eique
2168 3278 2260 3336 mittit
2276 3278 2365 3342 india

513 3388 594 3444 cium
609 3382 645 3442 de
660 3386 812 3462 coniugio.

374 3497 429 3559 19
464 3497 557 3560 Mittit
574 3493 705 3579 Georgia
724 3495 891 3558 Anhaltino
908 3500 1085 3558 concionem
1100 3501 1133 3558 in
1148 3496 1259 3559 festum
1272 3498 1436 3558 natiritatis
1449 3494 1572 3558 Christi.

373 3619 431 3681 26.
462 3615 598 3677 locatus
620 3616 816 3694 proficiscitur
837 3611 988 3692 Torgarn,
1015 3627 1049 3676 ut
1069 3617 1114 3675 ibi
1134 3636 1204 3677 cum
1222 3611 1479 3690 Cummsrstadio,
1507 3608 1711 3687 Cancellari,o
1721 3611 1880 3670 deliberet
1900 3609 1936 3671 de
1956 3565 2162 3670 constituenda
2186 3613 2360 3669 oeconomia

513 3713 703 3775 Academiae.

1241 4132 1411 4212 ANNO
1447 4135 1576 4214 lats.

367 4372 432 4436 lan,
466 4366 645 4431 Melanthon
661 4383 705 4432 est
719 4367 857 4434 Decauus
875 4372 987 4434 ordinis
1003 4367 1270 4452 Philosophorum.

397 4501 430 4561 3,
467 4484 648 4567 Torgariam
664 4502 787 4550 vocatus
800 4492 844 4550 ibi
859 4495 920 4572 agit
936 4513 1005 4552 cum
1020 4488 1269 4566 Gummerstadio,
1295 4462 1430 4551 Mauritii
1446 4493 1555 4569 legato,
1572 4489 1779 4550 dodonaticne
1793 4487 1944 4548 redituum
1953 4482 2131 4546 Academiae
2145 4489 2363 4550 constituenda.

400 4617 432 4677 8,
467 4597 626 4665 Intercedit
639 4605 718 4686 apud
736 4603 913 4669 Mauritiurn
930 4602 1081 4689 prolusto
1097 4603 1189 4684 Iona,
1216 4602 1486 4686 Superinteudente
1499 4605 1652 4684 Hellensi,
1678 4611 1728 4667 cui
1743 4602 1902 4667 Mauritius
1921 4607 2047 4684 grauiter
2062 4608 2249 4667 irascebatur.

377 4735 433 4795 12.
467 4719 600 4802 Hugelio
613 4725 715 4783 scribit
730 4724 767 4784 de
781 4725 936 4788 diabolicis
952 4746 1004 4787 seu
1019 4727 1142 4804 magicis
1157 4728 1341 4786 exorcismis.

468 4836 666 4901 Commendat
679 4839 883 4903 Fransciscum
899 4841 1093 4924 Dryandrum
1109 4839 1290 4920 Cranmaro,
1318 4839 1558 4924 Archiepisoopo
1575 4839 1798 4915 cantuariensi,
1810 4850 1848 4898 et
1862 4834 2003 4897 Eduardo
2021 4833 2099 4916 Regi
2114 4835 2256 4915 A'ngliae.

378 4965 434 5031 15,
469 4953 593 5016 Enarrat
615 4961 648 5016 in
665 4952 777 5019 Schola
796 4958 968 5021 dialecticen
983 4972 1012 5021 et
1027 4961 1140 5021 librum
1155 4959 1275 5022 Horatii
1291 4961 1328 5022 de
1342 4973 1404 5021 arte
1419 4964 1547 5042 politica.

468 5070 635 5135 Redituum
648 5071 831 5136 Academiae
847 5067 968 5138 donatio
982 5078 1141 5137 liberaliter
1159 5079 1237 5139 iacta
1251 5091 1303 5140 est.

377 5205 435 5266 20
469 5188 605 5252 Vocatus
621 5195 712 5252 estin
728 5170 858 5252 Daniam
873 5207 903 5253 et
920 5198 952 5254 in
967 5192 1122 5275 Angliam.

467 5305 562 5369 Mittit
582 5304 714 5366 libellum
730 5309 768 5372 de
784 5309 923 5386 Synodic.

375 5428 431 5495 24
467 5424 620 5504 Theologi
633 5421 878 5507 Witebergeases
893 5431 1070 5490 sententiam
1085 5448 1168 5490 suam
1187 5427 1223 5487 de
1238 5431 1367 5488 concilio
1382 5446 1399 5486 a
1414 5423 1496 5509 Papa
1510 5384 1623 5488 indicto
1639 5426 1763 5487 mittunt
1778 5416 2023 5501 adulterinum
2049 5418 2167 5484 Ducem
2182 5417 2256 5486 Sex.
