4882 6426
115 377 192 455 soc
702 372 1142 450 urtsroalnuu
1204 374 1310 449 nm.
1337 374 1384 451 x.
1438 316 1570 453 ssia.
2087 376 2163 448 470
2255 311 2257 315 Α

115 575 269 645 cumque
286 549 483 641 intelligam
500 549 599 641 signa
616 573 721 620 verae
739 550 778 618 in
793 550 865 619 filia
881 549 1021 642 pietatis
1034 570 1114 639 erga
1164 561 1281 617 tamen
1297 548 1509 638 cogitatione
1526 550 1707 620 doctrinae
1724 551 1882 621 coelestis
1890 550 2068 645 moderari
2085 565 2160 621 stu-

116 653 232 724 Deum
250 666 284 723 et
297 676 377 742 erga
394 654 562 722 maritum
580 653 805 744 praecessisse
814 665 976 735 mortem,
1003 675 1118 741 spero,
1164 652 1249 735 deo,
1282 665 1315 721 et
1329 650 1432 720 vobis
1454 653 1583 741 gratias
1597 676 1681 742 ago,
1710 678 1786 723 non
1808 656 1923 724 solum
1943 655 2038 745 quod
2062 676 2160 723 nune

118 781 194 828 eam
211 758 257 825 ad
272 752 453 825 Ecclesiae
476 755 634 825 coelestis
657 755 857 824 societatem
876 753 1117 825 dulcissimam
1163 765 1322 821 amanter
1338 767 1457 822 nostra
1474 778 1576 825 causa
1592 756 1736 841 doletis,
1770 771 1803 827 et
1820 756 1933 827 literis
1949 755 2074 824 vestris
2093 757 2160 824 do-

118 871 298 930 cvocatam
316 880 399 926 csse.
450 856 562 947 Saepe
588 853 812 950 lachrymans
834 855 910 926 Deo
939 856 1117 925 viventem
1162 855 1274 922 lorem
1298 850 1524 950 †vestrum'’
1548 857 1750 946 significatis
1764 855 1814 954 ⁸),
1846 873 1881 928 et
1902 859 2158 926 fontesconso-

118 961 382 1045 commendavi,
417 972 451 1027 et
466 973 548 1027 vota
563 959 644 1043 illa,
679 959 772 1044 scio,
806 983 881 1027 non
906 959 1013 1029 fuisse
1032 957 1116 1026 irri-
1162 957 1306 1026 lationis
1330 958 1551 1028 monstrastis
1567 952 1616 1054 ⁶),
1648 963 1707 1030 sed
1733 963 1837 1032 etiam
1865 962 1960 1052 quod
1976 972 2077 1028 antea
2102 961 2158 1027 vi-

118 1056 211 1157 ta*).
265 1060 335 1143 Tu,
356 1061 566 1155 quodfacis,
592 1061 760 1131 adiuvato
782 1061 1116 1130 nosetuniversam
1162 1060 1259 1129 venti
1276 1054 1305 1153 ⁷)
1330 1060 1423 1128 filiae
1444 1061 1555 1129 multa
1577 1062 1745 1132 beneficia
1768 1062 2010 1155 praestitistis,
2043 1063 2157 1154 quod·

117 1161 314 1235 Ecclesiam
338 1164 545 1233 ardentibus
566 1164 678 1248 votis,
712 1177 752 1232 ut
777 1161 874 1233 Deus
896 1163 1057 1255 publicas
1081 1175 1117 1231 et
1161 1185 1229 1254 que
1245 1158 1276 1256 ⁶)
1299 1163 1421 1232 multis
1437 1163 1563 1233 officiis
1579 1187 1674 1232 meos
1692 1165 1831 1235 iuvatis.
1882 1159 1959 1253 Ego
1985 1164 2050 1233 etsi
2075 1166 2157 1232 red·

117 1267 272 1358 privatas
288 1266 502 1336 calamitates
518 1264 665 1354 mitiget.
703 1260 732 1360 †
750 1263 791 1333 ln
802 1265 1114 1359 SynodoTriden-
1161 1267 1245 1332 dere
1261 1265 1390 1333 similia
1407 1265 1520 1334 cilicia
1535 1290 1610 1334 non
1625 1290 1784 1356 possum,
1809 1282 1928 1337 tamen
1945 1265 2056 1334 animi
2076 1287 2156 1354 gra-

116 1370 191 1439 tina
213 1367 304 1435 fiunt
328 1370 467 1437 decreta
491 1370 535 1435 ad
559 1368 789 1436 stabiliendos
810 1383 945 1437 veteres
968 1391 1115 1446 errores,
1160 1367 1351 1435 titudinem
1388 1391 1525 1457 semper
1557 1369 1740 1458 praestabo
1763 1364 1803 1465 9).
1854 1367 1902 1439 Et
1928 1367 2096 1460 qnoniam
2113 1362 2155 1460 ¹⁰)

118 1473 162 1540 de
185 1494 252 1562 qua
275 1495 312 1538 re
337 1472 489 1539 scribam
517 1470 604 1538 alias
627 1469 835 1559 copiosius.''
844 1463 903 1564 111)
962 1465 1058 1537 Bene
1082 1483 1115 1537 et
1159 1466 1256 1537 Deus
1273 1471 1376 1539 toties
1394 1470 1584 1560 pollicetur
1600 1465 1656 1564 ¹¹),
1682 1495 1718 1538 se
1734 1472 1777 1539 iis
1794 1472 1856 1566 qui
1873 1469 2098 1540 benefaciunt
2114 1465 2155 1561 ¹²)

119 1572 269 1641 feliciter
283 1573 372 1646 vale.
423 1571 537 1642 Nonis
555 1568 672 1663 April.
689 1564 772 1665 sce)
1160 1571 1279 1638 ordini
1300 1567 1509 1641 scholastico
1524 1567 1562 1667 ¹³)
1581 1573 1778 1642 doctrinam
1802 1574 1985 1643 coelestem
2004 1570 2155 1641 fideliter

659 1669 816 1764 Philipp.
835 1669 1058 1745 Melanthun.
1159 1673 1374 1743 custodienti
1389 1669 1431 1768 ¹⁴)
1454 1676 1608 1764 praemia
1631 1675 1856 1744 redditurum
1876 1697 1968 1753 esse,
2004 1697 2154 1765 quarum

1158 1776 1435 1864 promissionum
1451 1775 1607 1868 exempla
1624 1793 1657 1848 et
1673 1773 1860 1846 hacaetate
1875 1775 2046 1845 ostendit:
2075 1798 2154 1866 spe-

1157 1900 1218 1956 ro,
1245 1901 1325 1946 eum
1343 1872 1383 1969 ¹⁵)
1400 1878 1554 1948 vicissim
1570 1880 1672 1949 vobis
1688 1880 1952 1948 benefacturum
1971 1900 2053 1946 esse.
2106 1873 2154 1946 Et

1156 1990 1274 2055 utros
1299 1994 1332 2048 et
1355 1995 1488 2051 vestros
1512 1996 1645 2066 servet,
1672 1983 1848 2072 {defendat
1872 1984 2042 2070 ettssregat,
2077 1992 2152 2048 toto

983 2045 1109 2149 5.Apr.
1157 2101 1236 2147 eum
1255 2097 1394 2171 pectore
1410 2107 1484 2155 oro.

1255 2177 1350 2277 †De
1364 2184 1505 2254 filiabus
1521 2181 1566 2258 D.
1580 2180 1720 2255 Sabini
1733 2187 1875 2277 scripsi,
1902 2209 1957 2253 me
1971 2209 2087 2266 orare,
2112 2199 2153 2255 nt

1154 2285 1210 2351 vel
1228 2309 1369 2370 onrnes,
1397 2288 1450 2355 vel
1468 2288 1605 2379 aliquas
1618 2291 1663 2356 ad
1680 2314 1736 2356 me
1751 2289 1886 2383 mittat.
1938 2280 2152 2368 Maribam,

1155 2387 1238 2479 quia
1260 2388 1474 2457 imbecillior
1497 2404 1565 2473 est,
1601 2391 1748 2459 omnino
1771 2386 1838 2481 hic,
1865 2392 1960 2480 apud
1995 2414 2150 2459 sororem

1156 2490 1299 2558 educari
1314 2490 1439 2575 velim,
1471 2491 1534 2559 ubi
1549 2488 1626 2561 Deo
1650 2494 1793 2564 iuvante
1818 2507 1852 2563 et
1876 2491 2031 2561 suaviter
2053 2491 2152 2560 sove-

1155 2604 1253 2660 retur
1270 2605 1303 2660 et
1318 2593 1473 2661 studiose
1495 2595 1540 2661 ad
1555 2594 1775 2682 agnitionem
1789 2591 1856 2662 Dei
1880 2608 1912 2664 et
1927 2589 2074 2663 honesta
2097 2596 2151 2663 of-

1155 2692 1252 2777 ficia,
1287 2717 1359 2761 una
1376 2717 1456 2761 cum
1473 2718 1615 2780 sorore,
1649 2721 1739 2789 quae
1761 2697 1831 2765 iam
1856 2696 1940 2785 legit
1960 2707 1993 2764 et
2018 2697 2151 2782 scribit,

226 2867 233 2884 ι
334 2866 340 2882 ‚
711 2868 718 2884 ‚
856 2868 862 2884 ,
1156 2793 1411 2868 institueretur.
1471 2791 1569 2876 Oro,
1604 2811 1644 2867 ut
1668 2794 1860 2869 hortemini
1885 2795 1927 2865 D.
1953 2792 2150 2885 Sabinum,

115 2861 394 2953 ”Fridirw‘l
427 2861 668 2964 8191111110
702 2893 741 2994 ‘J'
760 2862 1003 2962 Rib'l‘lmffli‘i
1031 2863 1109 2936 ΒΟ·
1154 2912 1194 2967 ut
1216 2892 1281 2967 hac
1303 2899 1340 2965 in
1366 2922 1403 2966 re
1429 2911 1553 2966 nostro
1579 2900 1727 2970 consilio
1755 2899 1977 2971 assentiatur.
2027 2897 2148 2990 Ipsum

506 2994 706 3044 mmmm·
1155 3023 1239 3068 vero
1263 3014 1298 3070 et
1320 3023 1418 3068 meos
1434 2999 1535 3068 vobis
1553 3003 1763 3071 commendo
1773 3000 1789 3023 ”
1805 2995 1859 3095 ¹⁶).
1912 2998 2009 3070 Bene
2023 3015 2059 3071 et
2072 3004 2150 3072 foc-

111 3083 154 3172 S.
182 3100 227 3172 D.
277 3103 415 3176 Multae
441 3120 525 3175 sunt
556 3129 698 3190 causae,
743 3129 806 3173 cur
838 3101 935 3174 Deus
973 3104 1108 3172 semina
1155 3100 1271 3170 liciter
1286 3102 1409 3176 valete.
1461 3098 1528 3170 Die
1543 3101 1578 3176 b.
1593 3099 1729 3195 Aprilis
1742 3099 1781 3198 ¹⁷)
1801 3100 1909 3176 1547.

113 3207 234 3294 magni
256 3209 387 3277 amoris
414 3221 601 3297 parentum
626 3231 706 3297 erga
727 3220 829 3276 natos
855 3207 1021 3276 cordibus
1041 3230 1108 3275 no-

113 3308 195 3376 stris
211 3304 237 3400 ¹)
260 3310 430 3380 indiderit
439 3335 448 3393 ;
485 3312 545 3377 sed
563 3304 650 3378 haec
665 3309 854 3400 praecipua
877 3324 946 3393 est,
978 3323 1018 3377 ut
1040 3303 1107 3376 hae

112 3405 269 3507 στοργαὶ
284 3407 313 3506 ²)
337 3435 404 3480 nos
419 3412 737 3479 commonefaciant
754 3407 790 3498 ³)
805 3413 848 3478 de
863 3434 982 3479 amore
999 3410 1107 3501 patris

124 1897 381 1909 umm-
386 1895 655 1907 m*-

111 2037 179 2108 No.
199 2037 312 2107 8818.

119 2133 293 2164 w
441 2203 513 2286 Fr.
554 2199 781 2319 Staphyla

180 2359 259 2415 Edita
273 2359 302 2412 in
317 2358 415 2413 Manlii
429 2360 529 2432 sarrag.
550 2379 577 2431 p.
589 2361 649 2417 867.
668 2395 704 2408 -
740 2365 819 2419 Nunc
831 2364 984 2420 accuratius
997 2384 1028 2418 er
1041 2384 1109 2435 apo-

216 2429 318 2501 grapho
337 2429 365 2480 in
385 2430 449 2484 cod.
473 2429 554 2499 Lang.
581 2451 607 2503 p.
631 2433 694 2489 l't'b.
736 2433 857 2488 Manlius
878 2454 936 2487 eam
955 2434 1109 2504 inscripsit:

213 2499 407 2570 „Clarissimo
426 2501 499 2566 viro,
518 2511 570 2554 etc.
597 2499 760 2556 Secretario
780 2504 962 2556 illustrissimi
973 2505 1111 2570 Principis

214 2569 327 2623 Alberti
336 2569 426 2620 Ducis
439 2569 599 2623 Borussiae
608 2570 638 2633 ”3
684 2591 733 2625 uae
750 2572 894 2643 inscriptio
914 2591 977 2627 cum
999 2591 1029 2624 ea
1050 2573 1110 2643 epi-

213 2635 300 2760 2¹9¹st
312 2637 495 2692 antecedentis
508 2638 646 2694 convenit.
701 2641 785 2696 cetius
798 2640 827 2695 in
839 2641 903 2697 cod.
912 2641 995 2712 Lang.
1007 2640 1109 2695 inscri-

234 2717 302 2760 stura

1956 3201 2022 3277 Pb.
2045 3203 2096 3277 bl.

110 3512 246 3580 aeterni
271 3536 351 3600 erga
376 3512 489 3578 filium
510 3511 624 3581 lesum
641 3507 845 3593 Christum,
880 3526 913 3580 et
930 3535 1009 3600 erga
1031 3535 1107 3583 nos.

109 3610 374 3684 Removeamus
399 3613 508 3700 igitur
530 3636 550 3679 a
575 3610 650 3680 Deo
675 3613 820 3681 stoicam
847 3613 1048 3682 torvitatem
1064 3609 1109 3704 ⁴),

113 3727 147 3784 et
166 3738 253 3782 vere
276 3715 320 3782 ab
346 3738 386 3782 eo
412 3713 515 3803 diligi
552 3707 707 3807 †filium
732 3712 791 3783 et’'
813 3737 877 3782 nos
903 3727 1108 3788 statuamus.

112 3814 275 3887 Sciamus
301 3815 426 3898 etiam,
459 3817 597 3907 placere
620 3816 653 3883 ei
676 3815 715 3883 in
736 3816 841 3884 nobis
856 3816 1007 3884 similem
1023 3816 1109 3884 affe-

112 3931 208 3987 ctum
225 3941 305 4007 erga
322 3932 435 3989 natos.
488 3916 572 3986 Ideo
590 3918 718 4002 fateor,
752 3940 808 3984 me
823 3918 924 3985 valde
946 3919 1108 3987 dilexisse

113 4018 239 4105 liliam,
266 4034 300 4089 et
316 4044 353 4087 ea
372 4020 524 4090 extincta
544 4021 581 4087 in
599 4042 727 4108 magno
746 4020 868 4088 dolore
887 4043 976 4101 osse,
1002 4044 1107 4112 quem

107 4208 337 4223 m

143 4311 177 4379 ⁸⁹)
193 4314 291 4363 dolore
311 4327 390 4378 esse,
414 4311 565 4378 tibique-
578 4340 613 4351 -
632 4326 692 4361 non
709 4312 799 4378 juisse
819 4312 918 4376 irrita]
943 4312 997 4365 Pro
1018 4311 1058 4365 bis
1077 4309 1106 4361 in

179 4390 298 4450 utroque
312 4379 374 4447 eod.
390 4377 473 4431 Goth.
493 4378 555 4430 191.
574 4377 701 4447 leguntur
714 4379 796 4432 baec:
818 4382 1001 4447 dolonem,
1025 4397 1124 4452 quem¹

181 4458 280 4501 tamen
295 4452 365 4502 itaer
377 4449 531 4501 consolatio
544 4450 630 4513 lenit,
649 4451 724 4515 quod
736 4449 818 4510 signa
834 4464 917 4499 rarae
930 4450 959 4498 in
965 4450 1032 4514 fitia
1045 4450 1107 4515 pic-

181 4519 248 4569 tatis
263 4534 332 4585 erga
346 4520 441 4571 Deum
458 4525 484 4568 et
506 4534 576 4581 ergo
592 4520 728 4568 maritum
742 4526 865 4568 mortem
879 4526 1106 4583 praecesserunt,

178 4595 210 4638 ut
224 4587 281 4650 epse
293 4605 381 4653 gener
393 4590 431 4637 od
441 4603 486 4638 mc
499 4587 627 4652 scribsit,
645 4603 762 4652 cunique
775 4604 840 4637 eam
853 4593 988 4637 uiuentem
995 4583 1026 4648 ’1)
1040 4602 1108 4637 sac-

176 4673 214 4719 με
228 4657 360 4725 lacrymis
372 4657 436 4710 Deo
449 4656 725 4719 commendaverim,
745 4662 770 4704 ct
787 4655 857 4704 mibi
863 4656 1012 4719 perspicuo
1026 4655 1107 4707 tecti·

177 4726 274 4776 mom'o
288 4726 367 4777 Deus
380 4725 545 4792 significarit
558 4741 642 4776 curce
657 4741 720 4774 eam
737 4725 792 4774 sibi
802 4739 875 4785 esse,
893 4740 992 4789 spero,
1010 4725 1107 4774 divini·

177 4803 225 4846 tus
246 4811 310 4845 eam
332 4798 371 4846 ad
388 4797 550 4845 societatem
572 4793 704 4845 ecclessiae
725 4794 850 4844 coetestc's
870 4801 1018 4844 evocatam
1039 4808 1108 4845 esse.

179 4861 236 4928 Tu,
254 4867 331 4931 quod
337 4862 415 4930 facis
428 4873 479 4917 etc.

141 4943 196 5014 **)
215 4944 288 5001 llaec
300 4946 403 4999 addunt
416 4945 497 4999 codd.
513 4944 596 4998 Goth·
613 4945 672 5001 191.
782 4965 787 4975 ·

142 5028 210 5101 W)
228 5030 354 5104 Uterque
368 5031 432 5089 cod.
445 5036 473 5086 d.
485 5032 509 5086 6.
527 5032 617 5098 April.
636 5031 711 5085 1547.

145 5123 175 5184 1)
192 5122 298 5174 ncetmc
314 5119 478 5191 rudborg.
494 5121 656 5174 nonhabet.

139 5203 171 5270 2)
189 5205 244 5256 bac
261 5208 375 5274 accon]
391 5202 480 5256 Manl.
494 5205 539 5256 bic
550 5203 677 5269 affectus.

140 5284 170 5349 8)
193 5286 280 5344 Mcnl.
291 5285 536 5354 commonefaciat.

141 5372 170 5440 1)
188 5374 366 5437 torvitatem]
379 5370 467 5424 Mani.
480 5372 661 5424 sententiam.

100 5514 340 5528 w-

203 5590 228 5655 ⁸)
246 5593 375 5647 noemam]
391 5593 446 5643 cod.
461 5591 668 5669 beugicorum.

1153 3555 1219 3627 No.
1238 3557 1350 3629 3819.

1158 3651 1371 3689 m

1993 3569 2024 3632 5.
2043 3563 2123 3644 Aps.

1969 3653 2140 3682 Μ

1535 3725 1583 3807 Ρ.
1621 3723 1771 3812 Εόενο.

1222 3887 1243 3948 †
1261 3882 1298 3935 Ex
1311 3901 1404 3954 apogr.
1419 3883 1448 3936 in
1463 3885 1525 3939 cod.
1539 3884 1647 3956 Langii.
1673 3904 1701 3956 p.
1715 3884 1781 3938 tob.

1475 4041 1627 4116 Paulo
1654 4042 1696 4111 E
1703 4041 1821 4115 bero.

1152 4177 1264 4266 Meae
1288 4193 1393 4263 uxori
1414 4194 1458 4260 ad
1492 4194 1628 4262 luctum
1664 4215 1761 4261 nunc
1790 4195 1961 4263 accedunt
1986 4196 2146 4264 acerrimi

1154 4299 1294 4367 dolores
1317 4320 1357 4366 ex
1377 4287 1531 4366 λιθίασι.
1585 4292 1671 4362 Misi
1694 4293 1803 4383 igitur
1826 4295 2081 4366 adolescentem
2102 4300 2145 4365 ad

1154 4451 1358 4461 --—-—-———

1187 4536 1214 4594 5)
1233 4531 1322 4586 Mani.
1336 4532 1505 4602 significatis.

1186 4602 1214 4668 6)
1234 4601 1363 4670 et‘fontcs
1375 4609 1539 4668 c.monstr.]
1559 4599 1645 4655 Manl.
1656 4601 1790 4668 sontibus
1804 4617 1879 4653 cons.
1897 4605 2076 4656 monstratis.

1186 4672 1215 4740 7)
1239 4671 1308 4724 Cod.
1326 4671 1409 4741 hang.
1425 4672 1525 4723 iuueni.

1187 4755 1214 4824 8)
1234 4755 1370 4834 quodque]
1393 4754 1457 4812 cod.
1479 4756 1568 4874 [Αἲξ.
1586 4734 1687 4820 111)ἰᾶ
1708 4765 1945 4837 estfluanquam.
1966 4825 1972 4837 Ι
1990 4753 2147 4826 Utrumque

1223 4843 1278 4876 non
1294 4834 1357 4877 satu
1372 4833 1509 4878 convenit.
1553 4832 1599 4876 uto
1615 4824 1783 4895 compendio
1792 4834 1924 4895 scriptum
1935 4823 2032 4878 fuisse:
2049 4843 2144 4891 quenc-

1222 4896 1386 4946 admodum.

1185 4961 1218 5028 9)
1235 4978 1348 5028 semper
1357 4964 1521 5031 praestabo]
1536 4962 1627 5017 Μία).
1638 4970 1789 5028 praestare
1803 4965 1892 5030 cupio.

1189 5029 1232 5096 10)
1252 5031 1401 5099 quantiam]
1417 5031 1503 5084 Manl.
1519 5033 1597 5100 quia.

1188 5103 1233 5164 11)
1250 5100 1407 5169 pollicetur]
1424 5099 1509 5152 Manl.
1524 5109 1659 5158 testatio.

1190 5168 1235 5235 12)
1255 5167 1324 5222 cod.
1334 5169 1417 5242 Lang.
1430 5168 1629 5235 benefacimus.

1190 5237 1237 5302 19)
1255 5239 1400 5304 scholast]
1415 5238 1477 5292 cod.
1495 5236 1579 5308 Lang.
1592 5239 1786 5292 ecciescostico.

1192 5307 1237 5370 14)
1258 5306 1342 5361 Mani.
1355 5309 1580 5362 custodientebus.

1194 5375 1236 5440 ts)
1259 5379 1334 5439 eum]
1353 5376 1447 5446 scripsi
1466 5394 1516 5445 pro
1534 5394 1593 5443 me,
1614 5375 1687 5446 quod
1701 5372 1788 5428 Maul.
1806 5371 1886 5426 babet
1906 5383 1932 5427 ct
1947 5372 2078 5427 urendum
2096 5383 2144 5430 est.

1224 5442 1293 5497 Cod.
1312 5444 1396 5514 lang.
1411 5462 1444 5496 ne
1466 5463 1498 5497 ue
1513 5462 1559 5496 me
1572 5461 1660 5526 neque
1673 5461 1736 5496 enm
1750 5438 1865 5496 exbibet.

1193 5514 1236 5578 16)
1258 5463 1519 5568 praetermisitliacc
1532 5513 1663 5567 Manlius.

1193 5578 1333 5729 insisti-¹.
1346 5582 1434 5653 Lang.
1454 5581 1482 5638 6.
1498 5582 1617 5648 Aprilis.
1628 5632 1637 5639 ,.
