4882 6436
785 304 1217 387 netsrotanuu

1028 492 1199 609 Q.

218 482 285 557 No.
301 482 413 558 3761.
580 482 583 487 ’

211 585 421 621 Μ

397 711 406 717 -
524 650 631 764 epte
654 654 875 739 Fischero.
943 646 946 651 ’

268 813 306 866 Ex
320 813 491 886 autographo
504 813 577 870 edite
591 833 606 869 a
620 813 797 889 Ballenstselt.
811 816 835 868 1.
855 832 899 885 ep.
913 813 941 868 8.

200 966 413 1044 Reverendo
426 972 541 1054 Viro,
568 970 770 1044 eruditione
786 983 817 1043 et
835 971 964 1043 virtute
976 971 1196 1070 praestanti,

202 1071 257 1150 D.
273 1065 627 1174 Christoplroro
653 1068 1198 1172 Fischero*),'guberuauti

201 1174 386 1247 ecclesiam
403 1175 482 1248 Dei
497 1178 536 1247 in
553 1172 687 1275 oppido
700 1175 726 1247 I
727 1175 951 1247 uterbocensi
957 1234 967 1262 ,
993 1175 1112 1247 amico
1128 1199 1195 1246 suo

648 1273 774 1371 su,

202 1394 341 1487 Rever.
355 1415 400 1487 D.
415 1413 613 1506 Proposite.
662 1411 741 1483 Etsi
764 1435 909 1501 magnae
927 1426 963 1483 et
977 1412 1093 1481 tristes
1111 1426 1194 1481 sunt
1219 1424 1223 1521 t

203 1516 434 1606 imperiorum
456 1518 494 1584 in
519 1513 586 1585 hoc
611 1531 769 1606 tempore
792 1512 1036 1601 confusiones,
1076 1527 1223 1583 tamen·

199 1641 265 1685 uos
287 1618 325 1685 in
351 1618 492 1687 ecclesia
510 1619 736 1687 concordiam
754 1618 847 1685 inter
868 1637 932 1682 nos
949 1614 1041 1683 tueri
1058 1627 1192 1684 statua-

200 1741 297 1798 mus,
331 1744 421 1812 quae
442 1720 626 1813 aliquanto
648 1735 726 1810 post
750 1719 854 1787 etiam
871 1717 1056 1807 profutura
1078 1731 1129 1786 est
1149 1718 1193 1785 ad

200 1844 425 1890 communem
444 1845 564 1911 pacem
588 1816 716 1890 barum
739 1821 944 1909 regionum,
975 1818 1059 1910 quia
1080 1820 1195 1888 stabat
1218 1860 1223 1947 1

152 1917 160 1923 ’
199 1922 338 1991 [acilius
357 1924 558 2014 principum
575 1924 783 2005 concordia,
816 1922 844 1989 si
859 1943 1049 1990 consensus
1070 1944 1194 1988 mane·
1218 1956 1221 2023 Ξ

199 2024 253 2091 bit
266 2025 482 2098 docentium.
522 2021 570 2092 Et
584 2048 813 2116 quaecunque
829 2036 933 2091 erunt
946 2022 1071 2088 ruinae
1088 2046 1194 2089 mttsr-
1218 2028 1222 2113 ξ

201 2124 256 2207 di,
281 2138 401 2194 tamen
414 2149 533 2194 veram
547 2122 616 2194 Dei
631 2126 848 2213 agnitionem
866 2137 899 2191 et
922 2123 1085 2191 ccclesiae
1107 2147 1193 2192 con·
1218 2132 1221 2149 ’

201 2227 358 2295 cordiam
374 2227 588 2296 retineamus
605 2240 637 2295 et
647 2227 872 2295 conscientiis
887 2227 1096 2293 miserorum
1106 2249 1192 2292 con-

200 2329 374 2412 sulamus,
400 2343 442 2398 ut
457 2329 621 2397 invocare
635 2325 751 2398 Deum
765 2327 911 2418 possint.

300 2444 450 2515 Causam
472 2442 580 2514 buius
606 2441 649 2517 V
647 2444 798 2514 lucentii
812 2437 875 2536 ss)
900 2444 1068 2528 novistis,
1103 2470 1193 2538 quae

200 2548 298 2636 longi
322 2548 491 2638 temporis
514 2561 628 2618 errata
651 2549 830 2640 utrimque
848 2546 1017 2617 continet.
1037 2629 1043 2635 ,
1067 2543 1193 2638 Expli-

200 2648 271 2718 cari
286 2661 404 2717 tamen
419 2672 475 2717 res
491 2663 624 2739 potest,
657 2650 686 2720 si
699 2648 935 2718 conscientiae
952 2647 1021 2715 viri
1038 2661 1072 2716 et
1087 2650 1193 2717 mise-

198 2751 249 2821 ris
272 2752 392 2841 pueris
415 2750 637 2835 consuletur,
666 2753 764 2842 quod
787 2751 863 2818 fieri
890 2772 991 2839 posse
1015 2750 1192 2818 existima-

197 2874 287 2921 mus.
338 2851 429 2921 Nam
448 2853 615 2922 collocuti
630 2876 751 2921 sumus
768 2854 811 2920 de
826 2873 963 2919 summa
979 2852 1108 2939 negotii
1118 2850 1192 2922 Re-

198 2956 373 3025 verendus
388 2952 433 3024 D.
447 2953 554 3023 Pater
569 2954 733 3023 ecclesiae
749 2960 908 3037 nostrae,
942 2967 976 3022 et
990 2975 1052 3040 ego
1068 2967 1103 3021 ct
1118 2954 1192 3025 alii.

199 3055 271 3126 Sed
287 3057 440 3147 primum
459 3056 621 3124 omnium
639 3057 852 3147 exploranda
868 3067 921 3124 est
933 3055 1096 3123 voluntas
1112 3080 1190 3125 mu-

199 3158 296 3229 lieris
311 3152 473 3242 Heidae,
495 3181 594 3249 -quae
610 3159 765 3247 primum
786 3158 818 3224 ci
840 3170 948 3245 nupta
964 3156 1043 3225 fuit.
1095 3152 1190 3225 Ora-

198 3281 276 3329 mus
309 3260 440 3348 igitur,
478 3272 519 3328 ut
552 3285 629 3327 eam
660 3260 846 3328 mulierem
869 3255 1005 3326 lleidae
1035 3258 1188 3346 primum

196 3375 343 3453 nuptam
360 3360 550 3430 Vincentio
572 3364 692 3429 advos
708 3361 884 3430 accersitis
903 3353 1076 3432 adhibitis
1098 3362 1189 3428 duo-

196 3463 263 3533 bus
278 3478 341 3532 aut
356 3464 471 3533 tribus
487 3459 644 3531 honestis
661 3463 763 3544 viris,
788 3485 849 3530 scu
864 3460 1006 3548 collegis
1020 3484 1082 3528 scu
1096 3461 1188 3544 aliis,

197 3577 231 3632 et
247 3565 490 3650 interrogetis,
522 3588 568 3631 an
592 3577 703 3652 petat,
737 3578 798 3633 aut
818 3563 969 3653 petitura
992 3562 1037 3630 sit
1059 3575 1189 3651 postea,

197 3677 238 3753 ut
253 3666 347 3755 apud
364 3689 438 3732 eam
449 3664 560 3748 vivat3
587 3667 635 3732 de.
648 3665 757 3732 altera
773 3679 888 3754 postea
903 3663 1188 3732 deliberabimus.

194 3760 274 3834 Oro
299 3766 424 3853 igitur,
456 3779 496 3835 ut
512 3765 673 3834 mulieris
697 3766 962 3856 responsionem
986 3765 1126 3856 planam
1151 3778 1185 3834 ct

195 3867 417 3956 perspicuam
434 3866 538 3935 nobis
554 3867 712 3936 mittatis.
763 3865 918 3936 Possunt
935 3868 1044 3937 multa
1062 3882 1096 3936 ct
1112 3892 1187 3935 ma-

193 3969 265 4037 turi
281 3968 319 4036 in
338 3969 586 4038 controversiis
594 3969 770 4038 veteribus
788 3984 823 4039 et
835 3969 1021 4060 perplexis,
1044 3971 1105 4037 scd
1121 3992 1187 4036 nos

194 4065 262 4139 hoc
279 4069 440 4159 agimus,
472 4084 512 4140 ut
533 4071 718 4140 extricatae
737 4071 971 4140 conscientiae
991 4069 1108 4140 Deum
1130 4072 1188 4138 in-

194 4195 320 4241 vocare
337 4173 488 4261 possint,
524 4186 558 4241 et
570 4186 611 4241 ut
626 4174 741 4262 parvis
758 4175 894 4264 pueris,
922 4173 951 4240 si
969 4173 1044 4240 lieri
1063 4186 1187 4263 potest,

193 4273 409 4347 consulatur.
460 4271 557 4341 Bene
572 4286 606 4340 et
619 4275 768 4343 feliciter
786 4275 871 4343 vale.
921 4271 989 4343 Die
1005 4274 1067 4348 26.
1081 4273 1186 4357 Febr.

196 4369 306 4444 1547.
975 4450 984 4469 ι

296 4475 454 4565 Quaeso,
478 4489 516 4544 ut
527 4474 789 4565 responsionem
805 4476 952 4544 mittatis
962 4474 1184 4564 l²itebergam

193 4580 240 4646 ad
259 4581 362 4647 aedes
385 4576 439 4650 M.
463 4569 581 4644 Pauli
604 4572 724 4644 Eberi
747 4601 807 4667 per
831 4572 1011 4645 hominem
1039 4592 1185 4653 certum,

193 4678 256 4770 qui
279 4694 313 4749 et
329 4677 539 4749 Reverendo
561 4675 605 4746 D.
619 4677 757 4747 Pastori
780 4695 814 4746 et
832 4674 918 4746 mihi
934 4703 1010 4747 eam
1027 4675 1183 4749 exbiberi

192 4781 343 4853 curabit.
396 4779 528 4850 lterum
545 4781 666 4851 valete.

191 4962 361 4975 m...-

227 5064 361 5135 *),‚Cltr.
383 5067 541 5120 Ftseherum
563 5071 679 5138 primaru
697 5069 893 5138 Schnsalcald„
919 5071 980 5123 dein
997 5070 1183 5141 Meinungeu-

261 5138 331 5215 sium
347 5135 639 5219 Superintendentem,
670 5147 730 5190 tum
751 5138 884 5193 Halberst.
903 5141 1058 5199 Pastorem,
1089 5147 1115 5192 et
1136 5140 1184 5191 de·

260 5204 677 5327 tarnatense
690 5206 1185 5346 ta:“tzt..a.³z¹.⁰›¹·²tttt.t;

258 5434 303 5478 tur
312 5424 456 5478 consilium
471 5428 503 5480 de
512 5445 594 5480 uxore
601 5429 720 5482 secunda
734 5431 1000 5498 petebatdusenda.”
1014 5431 1183 5499 (Ballemt.)

256 5489 321 5545 Vid.
332 5493 410 5564 epist.
424 5495 452 5549 d.
466 5496 492 5550 5.
506 5495 588 5550 Mart.
608 5506 636 5550 et
648 5497 676 5549 d.
689 5496 734 5552 25.
749 5497 833 5552 Mart.
847 5497 874 5552 h.
885 5515 909 5551 e.

1281 308 1392 385 ΜΒ.
1421 311 1474 388 Χ.-
1536 308 1670 384 1647.

2172 317 2249 397 too

1251 480 1448 608 Q
1915 466 1920 485 .

1932 494 2031 573 (bs,
2059 497 2247 578 utridetur.)

1950 589 2217 625 unu-«w

1632 664 1681 757 P.
1710 670 1859 758 Ebero.
1892 744 1895 751 .

1318 826 1404 901 aar.
1424 791 1470 884 ni..
1487 832 1525 886 n.
1544 850 1571 904 ρ.
1588 830 1646 886 174.
1674 832 1750 901 <estc
1763 828 1855 887 mna.
1874 832 1924 887 ta.
1937 834 1975 886 11.
1995 853 2036 904 .,.
2052 835 2128 903 tos).
2166 839 2243 908 ap..

1350 897 1450 970 prophe
1462 900 1492 955 in
1506 901 1596 957 Codrl.
1613 902 1749 956 Gotbsnis
1763 903 1820 986 llll.
1838 919 1866 971 p.
1878 903 1913 957 49
1925 914 1952 957 et
1966 905 2026 957 tot.
2046 923 2074 973 p.
2087 907 2115 960 7.

1527 1055 1580 1129 D.
1619 1052 1773 1131 Paulo
1807 1056 1962 1131 Ebero
2009 1164 2016 1175 ¹

1247 1187 1291 1277 S.
1312 1206 1357 1276 D.
1415 1204 1495 1275 Etsi
1519 1203 1610 1276 mibi
1631 1208 1659 1300 ¹)
1681 1233 1841 1299 propono
1867 1209 2121 1309 noppyoptxol,
2151 1241 2241 1307 quae

1246 1313 1290 1376 ad
1308 1309 1542 1378 mirmendum
1559 1313 1695 1380 luctum
1712 1313 1917 1382 traduntur:
1952 1327 2069 1383 tamen
2085 1330 2164 1387 c'um
2180 1344 2240 1387 co-

1246 1411 1321 1496 gito.
1334 1410 1428 1478 tiliae
1442 1407 1651 1505 lachrymas,
1676 1439 1755 1481 cnm
1770 1414 1814 1480 de
1827 1415 1933 1481 nobis
1951 1415 2162 1508 interrogata
2178 1436 2241 1503 cst,

1246 1512 1455 1581 mirabiliter
1471 1516 1665 1583 excrucior.
1718 1510 1880 1584 Omnino
1895 1516 2092 1588 insanabile
2108 1523 2240 1593 vulnus
2273 1538 2279 1545 “

1246 1608 1313 1681 hoc
1327 1614 1508 1684 silentium
1519 1616 1611 1684 filiae
1627 1631 1660 1685 et
1676 1611 1741 1685 hae
1756 1612 1956 1709 lachrymae
1969 1620 2007 1687 in
2023 1644 2102 1691 meo
2117 1624 2238 1694 animo

1246 1716 1416 1788 fecerunt.
1466 1715 1535 1786 Sed
1552 1719 1729 1808 priuatum
1753 1719 1913 1788 dolorem
1929 1721 2040 1793 vincit
2066 1726 2238 1815 publicus.

1246 1816 1380 1886 Scribit
1392 1813 1559 1887 Boceros
1576 1821 1660 1888 satis
1675 1820 1840 1910 frigidam
1853 1817 2062 1911 Epistolam.
2114 1830 2137 1905 †
2151 1827 2239 1918 Spe-

1246 1932 1299 1986 rat
1314 1919 1408 1986 enim
1426 1944 1546 2011 pacem
1566 1922 1662 1989 salva
1681 1921 1798 1994 urbe.''
1848 1921 1959 1992 Nobis
1980 1923 2063 2019 περὶ
2085 1931 2149 2020 τῆς
2171 1923 2238 2000 πό-

1246 2024 1352 2104 λεως,
1379 2027 1447 2092 τοῦ
1466 2017 1633 2117 σκάφους
1648 2020 1755 2107 ὅλου,
1781 2037 1821 2093 ut
1837 2025 1924 2093 olim
1939 2028 2139 2112 dicebatur,
2167 2047 2237 2102 ter-

1245 2144 1306 2189 ror
1328 2124 1510 2193 incutitur.
1570 2121 1726 2195 Oremus
1749 2139 1866 2196 autem
1887 2127 2021 2214 Deum,
2062 2134 2161 2201 utin
2187 2134 2238 2205 ira

1245 2224 1508 2309 misericordiae
1531 2229 1755 2311 recordetur,
1794 2243 1827 2298 et
1848 2230 2006 2318 publicas
2028 2249 2061 2303 ct
2084 2238 2238 2324 privatas

1245 2325 1458 2395 calamitates
1473 2328 1620 2416 mitiget.
1669 2328 1840 2417 Pagiuam
1855 2332 1957 2402 mitto
1971 2339 2049 2406 τῶν
2062 2361 2238 2431 παραμυ-

1244 2422 1449 2520 θίωνφιειε
1465 2427 1613 2501 institui.
1665 2425 1876 2501 Iohannem
1891 2458 2009 2504 meum
2033 2440 2236 2511 ministrum

1245 2525 1408 2598 adhiberi
1423 2533 1529 2599 velim
1543 2547 1624 2601 tuae
1637 2559 1798 2617 mensae,
1831 2559 1905 2604 nou
1921 2538 2036 2606 solum
2052 2542 2141 2625 cibi,
2175 2549 2235 2614 sed

1245 2631 1350 2700 etiam
1367 2655 1570 2703 sermonum
1586 2659 1700 2708 causa.
1739 2637 1808 2706 Dat
1825 2637 1855 2703 ei
1872 2642 2036 2709 mandata
2056 2669 2145 2714 ttxor
2160 2672 2235 2716 meo

1244 2735 1287 2800 de
1311 2734 1436 2802 calceis
1457 2735 1625 2804 iaciendis
1640 2730 1682 2831 ²).
1734 2735 1811 2809 Etsi
1832 2734 1909 2808 heri
1925 2741 2076 2812 multum
2093 2750 2234 2835 profudi

1243 2830 1524 2927 lachrymarum,
1555 2840 1647 2906 etad
1663 2841 1793 2911 lectum
1816 2866 2013 2912 moerorem
2027 2849 2147 2916 attuli:
2182 2864 2236 2918 to-

1244 2960 1325 3004 men
1344 2935 1483 3028 ὄνειρος
1498 2941 1566 3010 suit
1579 2965 1663 3014 non.
1673 2942 1841 3015 insuavis.
1880 2943 2073 3035 Scripserat
2088 2942 2236 3046 Copnio

1243 3039 1372 3108 dixisse
1395 3033 1523 3110 Picum
1545 3038 1884 3126 Mr'randolanum,
1919 3062 2075 3118 nostram
2099 3050 2235 3124 Acade-

1243 3141 1352 3208 miam
1367 3142 1443 3210 sore
1458 3146 1594 3213 fontem
1610 3145 1760 3214 aliarum
1779 3143 1990 3221 scholarum.
2041 3152 2079 3221 Si
2098 3179 2169 3223 non
2185 3158 2234 3223 si-

1242 3243 1384 3330 gnifieat
1399 3245 1683 3335 dissipationem,
1716 3263 1756 3318 ut
1769 3274 1864 3318 nunc
1880 3251 1983 3318 exilio
2002 3269 2122 3325 nostra
2139 3260 2235 3327 mul-

1242 3356 1294 3410 tas
1317 3339 1455 3413 scholas
1477 3348 1628 3429 ferierat,
1661 3346 1804 3439 ἀρέσκει
1828 3351 1977 3444 ὄνειρος.
2030 3353 2126 3425 Bene
2146 3361 2232 3429 vate.

1244 3440 1390 3543 [1547]

1244 3657 1465 3669 *”—--
1479 3665 1484 3668 .
1716 3664 1910 3673 v*—--—--—==
1920 3668 1942 3673 ·—
1959 3669 2004 3675 .-.-
2016 3669 2041 3676 --
2053 3671 2105 3677 -.....
2118 3670 2203 3678 ...η-.-

1831 3810 1915 3890 (eorl.
1930 3829 2023 3895 temp.
2040 3831 2073 3876 ut
2088 3818 2233 3896 videtur.)

1851 3906 2204 3951 και-ην

1561 3986 1631 4070 De
1653 3946 1912 4095 afflictione.
2031 4042 2037 4057 ι

1308 4153 1327 4214 †
1348 4147 1385 4201 Er
1404 4165 1500 4270 apogr.
1519 4148 1548 4201 in
1557 4150 1629 4230 cod.
1648 4148 1731 4209 Goth.
1748 4150 1789 4206 19.
1813 4171 1841 4223 p.
1859 4152 1916 4207 tos.
1928 4114 1961 4208 ‘et
1981 4155 2044 4209 cod.
2059 4122 2150 4209 1(ἳοίΙι.
2171 4158 2232 4211 269.

1306 4279 1314 4287 .
1342 4239 1369 4288 p.
1381 4218 1415 4270 -18
1434 4257 1441 4272 .
1460 4251 1497 4300 -·
1533 4218 1645 4300 Videtur
1660 4219 1727 4273 baec
1747 4219 1790 4274 illa
1806 4221 1908 4291 pagella
1923 4241 1996 4288 esse,
2021 4226 2231 4295 quartadecon·

1340 4288 1527 4410 ἑὲὲῗὲῗὲοῃηξ
1538 4285 1688 4342 stilichone
1704 4289 1794 4343 Ehem
1810 4292 1914 4344 misisse
1932 4292 1997 4345 dicit
2014 4292 2042 4344 iu
2060 4295 2139 4362 epist.
2153 4306 2231 4348 aute-

1465 4511 1526 4584 De
1552 4514 1759 4614 afflictione
1786 4511 1863 4591 Ph..
1891 4513 1949 4586 M
1952 4515 2002 4590 el.

1231 4646 1354 4761 Quod
1374 4692 1513 4736 necesse
1537 4669 1601 4749 sit,
1629 4670 1786 4738 animum
1810 4665 1966 4737 hominis
1983 4672 2071 4738 benc
2087 4673 2229 4741 doctum

1174 4854 1177 4859 Ι
1237 4795 1309 4840 esse
1324 4784 1357 4840 ct
1381 4770 1609 4851 instructum,
1645 4770 1729 4862 quid
1754 4771 1800 4839 sit
1821 4771 2045 4840 sentiendum
2063 4774 2231 4843 dearm-

1237 4873 1329 4940 mnis
1344 4873 1483 4962 generis
1498 4867 1666 4954 humani,
1700 4872 1783 4941 inde
1799 4874 2024 4943 manifestum
2041 4889 2108 4957 est,
2134 4879 2230 4967 (prod

1236 4975 1345 5053 rolin,
1384 4975 1504 5044 adiuta
1540 4975 1614 5061 lege
1637 4973 1723 5056 Dei,
1764 4976 1980 5044 contrarium
2010 4976 2157 5044 oruniuo
2185 4973 2257 5045 ah

1234 5073 1490 5169 Evangeliojde
1505 5075 1760 5144 afflictionibus
1774 5077 1907 5156 statuit,
1934 5101 1973 5144 ac
1992 5100 2134 5165 prorsus
2152 5102 2230 5168 per-

1235 5179 1368 5248 niciose
1384 5192 1419 5249 et
1433 5177 1597 5250 Sotonic'c
1613 5179 1658 5245 de
1675 5177 1855 5247 voluntate
1871 5177 1937 5247 Ilei
1956 5201 2036 5265 erga
2052 5202 2118 5247 nos
2135 5180 2232 5248 iudi-

1230 5328 1448 5348 —h———d-
1493 5334 1496 5339 ·
1589 5336 1592 5341 ·

224 5351 272 5421 ⁸⁵⁸²)
287 5356 642 5426 „Vthsentr'ueNeudorser,
662 5359 737 5429 ciris,
757 5361 791 5414 ab
805 5379 888 5414 uxore
903 5361 1101 5414 desertuserat.
1127 5360 1183 5432 lgi·
1243 5412 1248 5417 .

1269 5419 1295 5483 1)
1312 5414 1450 5468 Pro'mt'ht'
1466 5372 1532 5468 ‘eod
1542 5412 1700 5468 Gothum.
1720 5426 1930 5495 nonnunquam.

1264 5502 1296 5568 2)
1306 5496 1556 5567 -Fop'eeutntmtttu
1563 5502 1628 5563 ete-1
1642 5514 1701 5553 noa
1714 5499 1841 5570 leguntur
1853 5502 1882 5552 tu
1898 5499 1961 5555 cod.
1979 5498 2131 5555 Gotbdol.

1323 5576 1402 5646 26*
