4882 6426
193 300 269 383 ’105

196 474 306 548 blicas
318 486 353 545 et
370 470 538 566 privatas,
559 486 594 544 et
609 487 723 545 servet
737 468 915 547 Ecclesiae
927 474 1108 570 reliquias,
1121 498 1188 546 nec

196 574 353 666 extingui
367 575 481 647 lucem
496 575 680 646 doctrinae
694 575 799 648 sinat.
832 575 945 648 'Bene
961 580 1056 664 vale,
1081 588 1116 648 et
1130 578 1189 648 in-

194 678 334 748 terdum
358 678 404 747 ad
426 700 491 747 uos
513 676 670 752 scribito.
718 675 877 749 Salutem
898 693 982 770 opto
1006 677 1053 755 D.
1073 672 1190 750 Rivt‘o

195 790 230 847 et
248 772 499 859 Dobercnsio,
524 777 624 849 cuius
636 800 759 849 versus
773 781 832 857 edi
845 783 988 851 curabo.

207 1097 277 1173 No.
303 1097 416 1177 4043.

200 1202 414 1241 W

479 1281 667 1364 Iohanni
688 1284 906 1364 ministro.

263 1452 349 1524 epm.
363 1451 411 1508 m.
425 1452 459 1507 n.
479 1473 505 1526 ρ,
519 1453 578 1509 ses.
598 1453 1028 1525 (ea.tona.1it.1t.ep.stt.).

1030 1113 1087 1176 ts.
1105 1104 1177 1168 On.

1013 1195 1184 1224 w

442 1604 658 1683 Iohanni
682 1608 864 1686 Ministro
880 1634 948 1682 suo

196 1739 240 1831 S.
260 1754 305 1832 Ι).
355 1755 572 1832 Charissime
587 1756 798 1844 Iohannes,
827 1758 907 1833 Etsi
925 1765 1044 1833 sedem
1059 1777 1189 1836 certam

196 1862 359 1931 nondum
376 1855 436 1930 bic
452 1858 643 1935 habemus:
667 1880 786 1935 tamen
801 1888 857 1933 me
872 1887 1001 1956 operae
1025 1878 1190 1958 typogra-

194 1957 319 2056 phicae
341 1963 512 2034 detinent.
564 1962 717 2036 Vendita
743 1977 825 2036 sunt
849 1966 914 2036 tria
936 1965 1049 2035 millia
1073 1991 1190 2036 exem-

196 2063 339 2155 plorum
358 2059 593 2133 Dialectices.
652 2065 757 2135 Nunc
779 2066 978 2147 recuditur,
1009 2081 1044 2138 et
1066 2090 1188 2136 emen·

194 2163 338 2234 datione
351 2163 497 2253 indiget.
528 2162 676 2235 Decrevi
692 2167 799 2255 igitur
814 2189 990 2236 accersere
1005 2166 1189 2254 familiam,

195 2287 235 2335 ac
261 2265 361 2348 volo,
387 2261 428 2335 ut
452 2289 532 2335 cum
554 2267 719 2337 valetudo
737 2267 910 2337 uxorisne
927 2267 1124 2359 puellarum
1141 2268 1190 2338 si-

195 2370 274 2450 net,
307 2365 384 2433 istic
407 2389 532 2435 currus
554 2367 779 2453 conducatis,
811 2383 846 2439 et
870 2363 940 2438 huc
954 2364 1189 2439 transvehatis

195 2478 307 2537 totam
324 2465 547 2539 familiam'et
559 2469 822 2559 supellectilem.
872 2467 964 2538 Nam
979 2469 1109 2560 opinor
1124 2471 1190 2540 do-

195 2589 295 2637 mum
309 2567 348 2635 in
363 2591 432 2660 qua
448 2561 636 2653 habitatis,
660 2569 730 2638 iam
747 2567 919 2660 Magistro
937 2562 1105 2663 Andreae
1130 2595 1187 2640 ce-

195 2669 348 2738 dendam
365 2692 455 2754 esse,
480 2683 516 2741 et
531 2695 610 2739 cum
627 2666 685 2741 hic
699 2671 745 2740 sit
758 2670 853 2741 iilius
868 2666 1024 2757 Sabini,
1049 2682 1084 2740 et
1099 2666 1188 2740 mihi

194 2767 234 2837 iu
257 2768 373 2837 aliena
400 2771 507 2839 domo
529 2765 657 2865 hyeme
679 2794 821 2842 manere
845 2771 1110 2842 incommodum
1133 2772 1189 2853 sit,

194 2863 254 2940 bic
276 2892 414 2939 mecum
436 2892 510 2940 esse
533 2872 724 2958 familiam,
758 2873 871 2942 donec
890 2871 990 2945 Deus
1012 2875 1190 2959 concedet,

193 2971 416 3041 commodius
436 2994 509 3041 esse
525 2972 657 3046 iudico.
708 2970 798 3041 Nam
814 2973 948 3043 etiamsi
964 2996 1086 3044 rursus
1100 2973 1189 3043 aliae

194 3071 495 3167 peregrinationes
530 3073 773 3164 suscipiendae
807 3086 930 3157 erunt,
962 3071 1020 3143 hic
1047 3074 1188 3143 mulieri

194 3173 332 3266 reliqua
358 3174 516 3265 supellex
542 3173 761 3265 inspicienda
789 3189 849 3246 est.
914 3171 1189 3264 Expectabimus

192 3262 254 3444 {nic
275 3271 353 3344 Deo
375 3273 519 3347 iuvante
543 3274 675 3346 exitum
699 3272 916 3352 Conventus.
973 3273 1071 3346 Bene
1099 3277 1189 3353 vale,

229 3373 401 3451 ieLucae.

200 3587 642 3622 -u-——ae—-u---n-u--nq-”ss-
649 3609 669 3616 .-
675 3603 1165 3628 &vum-*w

192 3770 196 3777 ·
215 3734 283 3812 No.
299 3734 411 3812 4044.

193 3832 395 3866 hm

1029 3755 1085 3818 tt.
1106 3747 1179 3816 Oet.

456 3921 598 4007 Mich.
620 3873 927 4035 Meienhurgio.
1014 3837 1186 3869 Ἃ

128 4084 142 4101 “
262 4095 609 4168 epnv.ns.v.p.sso.q.

194 4240 437 4363 Michaeli
460 4245 815 4345 Meienburgio,
841 4248 988 4323 consuli
1008 4250 1192 4331 Northns.

195 4381 243 4473 S.
270 4396 316 4470 Ι).
365 4394 568 4468 Clarissime
590 4396 647 4466 vir
669 4411 704 4466 et
717 4399 828 4467 amice
845 4395 1061 4481 charissime.
1110 4400 1190 4476 Etsi

196 4503 242 4571 de
268 4497 460 4572 Academia
493 4492 608 4567 adhuc
642 4499 773 4588 pendet
806 4499 1032 4588 deliberatio:
1071 4515 1189 4576 tamen

196 4601 281 4695 quia
295 4625 351 4670 me
363 4591 656 4695 Typograpbicae
671 4597 831 4667 officinae
846 4601 1027 4688 detinent,
1050 4628 1188 4677 accerso

195 4695 268 4773 buc
292 4696 482 4785 familiam,
524 4712 558 4770 et
579 4698 681 4770 vobis
700 4712 736 4769 et
760 4695 1025 4775 honestissimae
1046 4707 1190 4800 coniugi

267 5027 345 5075 etore
358 5017 519 5074 Academiae
533 5014 648 5075 Witeb.
658 5018 786 5090 leguntur
800 5020 880 5076 haec:
899 5020 1083 5091 „minitantur
1095 5024 1190 5083 borri-

267 5087 334 5143 biles
345 5098 436 5142 motus
447 5104 505 5141 nou
517 5088 608 5143 solum
621 5087 773 5144 discordiae
783 5088 811 5142 iu
821 5089 902 5142 rebus
912 5091 1037 5211 ppblicis,
1049 5095 1095 5147 sed
1108 5097 1190 5152 etism
1242 5111 1256 5120 ·

266 5154 403 5227 Eclipses,
419 5155 611 5226 (presumitis,
628 5156 656 5209 in
670 5174 724 5227 qur
744 5157 786 5211 sol
806 5175 899 5211 mense
939 5162 1046 5216 ovemb.
1059 5163 1191 5219 obscura·

267 5224 343 5279 bitur
355 5225 477 5292 ingentes
489 5224 620 5279 tumultus
635 5225 759 5294 proximo
772 5243 846 5279 anno
866 5223 967 5281 indicat
1008 5227 1072 5309 quia
1088 5231 1117 5285 in
1136 5234 1191 5289 illis

267 5291 387 5347 tenebris
401 5309 463 5372 cnm
476 5309 637 5373 coopneesns
647 5291 700 5347 -hst
712 5293 799 5362 Solis,
816 5293 928 5363 unse,
938 5263 1057 5365 blaeso,
1077 5297 1191 5358 Veneris

269 5361 298 5415 in
317 5359 386 5414 Scor
406 5378 451 5428 ro,
478 5358 615 5432 fastigium
634 5359 705 5416 coeli
723 5370 844 5426 mente,
870 5361 928 5421 dire
946 5368 1191 5436 summisera-

269 5427 344 5483 κη’*
381 5376 441 5481 iia.
455 5426 561 5498 Scripta
576 5428 650 5498 publ.
668 5427 702 5485 Τ.
716 5429 737 5487 Ι.
754 5447 780 5503 p.
795 5431 897 5501 192sq.

199 5505 503 5574 hircennorrr.
530 5505 614 5572 Vos.
627 5504 686 5574 Vl.

760 208 1237 380 tetstothttttti
1272 297 1382 379 Llli.
1413 298 1461 377 X.
1513 295 1654 375 1⁶47.

2155 298 2232 373 too

1242 481 1377 543 restrae
1406 493 1472 564 pro
1498 470 1676 543 omnibus·
1691 467 1895 550 beneficiis,
1930 470 2084 566 quaein
2109 493 2167 539 me
2195 481 2230 540 et

1241 597 1337 645 meos
1353 573 1507 667 plurima
1519 572 1763 644 liberalissime
1775 572 1991 660 contulistis,
2015 595 2080 662 ago
2092 570 2232 662 gratias,

1242 688 1277 747 et
1290 698 1429 767 semper
1444 700 1504 747 ero
1518 687 1648 766 gratus.
1698 672 1737 745 si
1754 672 1867 743 hlium
1884 667 1954 744 huc
1971 673 2128 758 mittetis,
2153 693 2231 741 mea

1242 777 1274 846 ei
1299 777 1414 847 officia
1438 801 1513 847 non
1538 778 1696 847 deerunt.
1747 771 1803 844 De
1823 772 2022 845 minoribus
2040 774 2121 843 filiis
2138 776 2229 844 cluo·

1243 879 1309 949 bus
1326 891 1525 970 expectetur
1538 874 1680 950 venturi
1697 875 1791 946 veris
1815 889 1969 969 tempus,
1994 875 2141 970 quodsi
2163 873 2230 942 erit

1243 979 1496 1073 tranquillum,
1528 979 1659 1050 alicubi
1681 978 1799 1047 studia
1823 978 2004 1048 literarum
2025 998 2146 1048 rursus
2169 997 2229 1043 co·
2326 1028 2329 1034 .

1243 1081 1373 1154 lentur.
1412 1078 1482 1150 Sed
1500 1080 1654 1171 proiecto
1670 1089 1789 1148 metuo
1805 1076 1980 1148 maiorum
1995 1077 2231 1171 Imperiorum

1244 1181 1468 1250 confusiones
1488 1194 1666 1251 secuturas
1687 1201 1771 1252 esse.
1828 1177 1901 1249 Nec
1924 1192 2061 1250 tantum
2085 1200 2231 1249 moveor

1244 1280 1475 1363 coniecturis,
1513 1281 1663 1371 sumptis
1689 1302 1729 1349 ex
1750 1277 1957 1370 Principum
1979 1279 2232 1363 voluntatibus,

1243 1383 1304 1452 sed
1329 1381 1433 1450 etiam
1456 1394 1567 1452 terrae
1589 1377 1747 1472 Eclipses
1771 1402 1828 1448 me
1846 1391 1991 1454 terrent.
2049 1378 2090 1451 Si
2110 1378 2260 1449 liceret.

1244 1482 1478 1571 pronunciare
1493 1485 1536 1552 de
1551 1483 1621 1550 hnc
1636 1504 1775 1565 rerum,
1799 1479 1951 1550 dicerem
1966 1479 2123 1572 proxima
2138 1477 2234 1552 Solis

1239 1580 1378 1674 Eclipsi
1390 1596 1451 1653 aut
1465 1584 1571 1652 finem
1585 1577 1695 1653 huius
1706 1579 1834 1650 muudi
1848 1581 2055 1671 significari,
2081 1591 2141 1649 aut
2156 1602 2232 1647 cer-

1244 1697 1276 1752 te
1309 1683 1449 1753 ruinam
1472 1680 1498 1761 †
1518 1708 1624 1776 quam
1651 1682 1750 1752 brevi
1776 1680 1855 1749 huis
1880 1696 2072 1775 sequutura
2096 1671 2231 1768 sit”*).

1241 1782 1339 1855 Deus
1361 1800 1541 1869 aeternus,
1568 1783 1672 1853 Pater
1686 1780 1836 1854 Domini
1857 1785 1969 1853 nostri
1988 1783 2067 1852 lesu
2082 1774 2230 1863 Christi,

1241 1886 1333 1955 adsit
1349 1886 1470 1968 nobis,
1494 1899 1537 1956 et
1553 1885 1690 1973 mitiget
1704 1881 1917 1952 calamitates
1932 1884 2091 1975 publicas
2106 1891 2140 1950 et
2155 1879 2231 1970 pri·

1241 1999 1358 2070 vates,
1384 1999 1417 2055 et
1432 1999 1546 2055 servet
1561 1980 1739 2054 Ecclesiae
1754 2005 1837 2052 suae
1851 1983 2036 2075 reliquias,
2062 1996 2097 2051 et
2112 1980 2230 2071 aliqua

1241 2109 1361 2165 earum
1376 2080 1545 2177 hospitia,
1573 2097 1607 2154 et
1620 2096 1734 2154 servet
1746 2107 1809 2154 vos
1829 2097 1863 2154 et
1878 2099 2010 2156 vestros
2024 2082 2230 2153 incolumes.
2298 2102 2301 2115 ·

1241 2185 1337 2257 Beue
1353 2187 1474 2262 valete.
1514 2183 1595 2256 ·Die
1610 2184 1737 2257 Lucae.

1927 2279 2128 2376 Philippus.

1240 2652 1307 2724 No.
1323 2647 1436 2725 4046.

1248 2747 1419 2777 Μ

1490 2830 1677 2919 Alherto
1690 2832 1811 2918 Dnci
1824 2832 1972 2921 Prusa.

1309 3003 1347 3060 lis
1360 3008 1528 3079 autographo
1543 3009 1640 3064 editas
1655 3009 1745 3066 Fabro
1758 3007 1788 3062 iu
1800 3008 1877 3081 epist.
1896 3026 1923 3080 p.
1938 2979 1990 3064 lSS
2000 3024 2061 3078 sqq.
2080 3025 2123 3080 ep.
2134 3005 2183 3061 40..

2071 2663 2128 2726 18.
2143 2653 2214 2719 On.

2052 2743 2224 2776 Μ

1462 3156 1498 3234 Α
1505 3159 1657 3234 lberto
1681 3159 1787 3236 Dnci
1802 3158 2007 3235 Bornssioe

1240 3289 1285 3380 S.
1309 3307 1355 3383 l).
1407 3307 1647 3383 Illustrissime
1683 3326 1718 3383 et
1751 3311 2021 3384 clementissime
2053 3308 2231 3398 Princeps.

1117 3455 1119 3458 >
1241 3409 1332 3481 Cum
1353 3413 1488 3483 adesset
1509 3414 1564 3483 vir
1578 3413 1792 3485 clarissimus
1807 3413 1854 3487 D.
1869 3407 2039 3482 Andreas
2058 3409 2231 3494 Medicus,

1243 3513 1409 3602 respondi
1422 3511 1633 3583 Celsitudini
1650 3528 1798 3589 vestrae.
1830 3540 1887 3583 me
1902 3530 2085 3607 propterea
2099 3511 2232 3580 retine-

1243 3611 1275 3679 ri
1289 3608 1356 3681 hoc
1371 3626 1526 3702 tempore
1540 3615 1638 3706 quod
1653 3627 1791 3684 ostensa
1805 3628 1893 3685 esset
1907 3636 1985 3704 spes
2003 3611 2232 3682 instauratio-

1243 3710 1299 3780 nis
1315 3709 1545 3798 Academiae,
1570 3714 1609 3783 iu
1626 3738 1695 3806 qua
1711 3713 1872 3806 Collegae
1887 3717 2047 3786 deserere
2061 3736 2135 3782 uon
2147 3709 2234 3781 licc-

1242 3825 1310 3882 ret.
1355 3808 1489 3882 Eadem
1505 3838 1561 3884 me
1575 3838 1678 3885 causa
1697 3811 1812 3886 adhuc
1834 3817 1972 3887 retinet.
2023 3812 2096 3884 Nec
2117 3828 2232 3884 tamen

1243 3926 1324 3982 ante
1340 3912 1470 3984 exitum
1485 3910 1690 3987 Conventus
1706 3911 1923 4010 Augustani
1936 3939 2031 4008 spem
2047 3913 2234 3985 certiorem

1244 4015 1288 4082 de
1312 4005 1500 4083 Academia
1522 4016 1598 4085 lore
1619 4020 1785 4092 arbitror.
1854 4017 1961 4107 Quod
1991 4018 2024 4087 si
2052 4015 2231 4108 principes

1243 4114 1386 4183 vincula
1408 4116 1476 4185 sibi
1497 4116 1676 4203 iniicient,
1705 4134 1747 4191 ut
1770 4120 1977 4211 promittant
1995 4143 2032 4189 se
2051 4117 2141 4187 velle
2155 4139 2231 4186 am-

1242 4215 1349 4306 plecti
1372 4215 1510 4287 dccreta
1525 4216 1664 4311 Synodi
1680 4218 1929 4306 Tridentinae,
1955 4212 2145 4290 horribiles
2158 4215 2232 4286 dis-

1241 4314 1434 4407 sipationes
1455 4312 1692 4390 Ecclesiarum
1713 4323 1751 4391 in
1768 4321 1961 4397 Germania
1984 4319 2112 4411 passim
2132 4340 2233 4387 secu-

1241 4430 1340 4487 turae
1360 4429 1461 4502 sunt,
1487 4442 1574 4511 quas
1585 4417 1683 4492 Deus
1699 4418 1894 4514 prohibeat.
1945 4421 2016 4492 Sed
2032 4416 2116 4489 haec
2132 4418 2233 4488 brevi

1241 4515 1401 4586 suemus.
1450 4515 1663 4592 Celsitudini
1687 4537 1819 4594 vestrae
1837 4536 2037 4593 reverenter
2051 4542 2233 4591 commen·

1241 4619 1288 4688 do
1303 4617 1419 4688 virum
1436 4619 1667 4693 clarissimum
1680 4622 1727 4700 l).
1739 4620 1924 4695 Sabinum
1938 4645 2100 4713 generem
2114 4644 2233 4692 meum

1241 4719 1479 4807 carissimum,
1518 4724 1581 4816 qui
1607 4749 1687 4795 cum
1713 4721 1802 4796 mihi
1835 4726 1993 4796 narravit
2021 4747 2057 4793 se
2089 4736 2234 4792 nactum

1241 4820 1359 4890 ocium
1394 4823 1439 4891 ad
1466 4824 1710 4911 scribendum,
1743 4830 1902 4918 deposito
1931 4825 2141 4916 Magistratu
2156 4820 2240 4917 **),Ι

1241 4920 1333 4990 velle
1374 4921 1558 4995 instituere
1597 4927 1729 4996 librum
1767 4928 1954 5000 Fastorum
1992 4925 2234 4996 continentem

1241 5016 1445 5094 Christiana
1460 5025 1557 5111 festa,
1581 5027 1620 5096 in
1634 5029 1763 5121 quibus
1778 5041 1812 5100 et
1825 5029 2007 5101 doctrinae
2021 5029 2117 5096 locos
2131 5049 2233 5117 prae-

1278 5289 1309 5361 Ι4)
1326 5291 1373 5347 Sic
1386 5292 1421 5348 Α.
1433 5293 1488 5362 D.,
1508 5295 1555 5348 sed
1569 5293 1652 5350 Ssub.
1665 5297 1782 5350 ruinam
1795 5300 1964 5351 maximam.

1278 5376 1471 5517 ‘’lprfbs‘trtpst
1490 5378 1561 5448 tetre
1577 5383 1678 5439 tonsu
1695 5383 1743 5438 tos
1760 5381 1898 5453 tetisttfle
1916 5383 2040 5440 nectens
2055 5381 2230 5453 sicincctcet.

1404 5515 1454 5592 45
