4882 6436
193 290 266 368 105
769 289 1209 369 EPISTOLARUM
1272 288 1462 369 LIB.X.
1516 289 1649 370 1646.
1795 324 1805 349 ·
2162 297 2234 367 106

193 470 266 538 siae
289 461 423 537 Christi
432 460 472 558 ³).
532 462 587 535 Ex
610 465 653 535 iis
682 470 770 535 meis
786 466 899 537 literis
922 468 967 535 ad
984 456 1190 535 Cordalum
1343 463 1452 553 Quod
1475 488 1560 534 vero
1581 465 1709 536 attinet
1724 467 1768 535 ad
1784 467 2024 559 quaestionem
2040 469 2085 536 de
2100 467 2235 537 ieiunio

194 583 350 663 apparet,
374 592 431 636 me
449 570 493 637 de
507 580 660 661 utroque
675 569 766 640 bene
782 583 816 639 et
832 581 991 639 amanter
1000 561 1035 661 ⁶)
1051 566 1193 651 sentire,
1241 567 1500 652 caeremoniali,
1525 591 1571 637 ne
1587 562 1679 638 hanc
1694 570 1839 662 quidem
1854 592 1992 638 causam
2011 570 2093 638 satis
2108 570 2235 639 iustam

194 674 239 742 de
271 685 306 740 te
336 683 370 739 et
401 671 445 738 de
474 682 630 761 pastore:
662 670 864 764 quodcum
889 669 1113 738 verissimum
1136 669 1193 752 sit,
1239 681 1302 738 aut
1321 669 1465 757 dignam
1486 692 1561 738 esse
1583 669 1725 756 iudico,
1760 684 1799 741 ut
1822 685 1967 762 propter
1993 695 2070 762 eam
2097 672 2234 741 bellum

193 796 363 862 magnum
377 772 495 864 accepi
509 773 687 840 dolorem:
720 785 907 865 postquam
917 766 946 864 ⁷)
965 794 1006 839 ex
1021 768 1092 840 tuis
1110 769 1191 839 lite·
1240 769 1464 840 inferendum
1480 784 1582 862 putes
1598 773 1661 843 toti
1675 773 1809 862 agmini
1824 773 2028 842 docentium
2046 774 2084 841 in
2102 773 2234 843 nostris

193 875 244 945 ris
255 873 427 958 intellexi
451 898 513 943 vos
530 886 564 943 ct
580 875 762 944 sententiis
779 889 813 945 et
829 872 1073 943 voluntatibus
1087 872 1192 941 dissi·
1238 867 1417 945 Ecclesiis.
1480 871 1563 942 Non
1590 873 1661 942 iam
1692 876 1736 943 de
1768 899 1805 944 re
1837 875 1912 967 ipsa
1935 876 2068 960 dicam,
2107 875 2167 944 sed
2191 876 2235 944 dc

194 980 291 1049 dere.
342 973 1192 1068 Cumqueinpropositionibustuistamatrociter
1238 974 1415 1066 parergis,
1449 998 1538 1066 quae
1561 976 1748 1046 admisces.
1782 1001 1873 1068 quae
1894 977 1951 1046 cui
1976 971 2113 1046 theatro
2137 991 2235 1065 grata
2331 1015 2339 1042 t

195 1071 553 1171 reprehendastotum
565 1076 1000 1147 coetumconcmnanuum
1019 1071 1192 1145 inEccle-
1239 1077 1328 1162 sint,
1354 1100 1428 1144 non
1454 1088 1505 1146 est
1526 1078 1728 1148 obscurum.
1787 1077 1969 1148 Plaudit
1957 1103 1994 1146 m
2012 1102 2130 1148 smum
2144 1103 2232 1147 vrci

195 1180 257 1251 siis
274 1179 421 1263 nostris,
455 1181 551 1272 quod
573 1202 646 1248 non
670 1181 788 1249 dicant
802 1179 874 1248 de
864 1203 998 1248 rerunro
1014 1202 1191 1247 caeremo
1238 1202 1306 1247 nus
1329 1191 1445 1248 vester
1457 1170 1713 1249 Libusranus
1715 1177 1756 1276 ⁵,)
1784 1203 1863 1249 cum
1880 1179 2028 1250 aud1tte
2044 1204 2235 1272 peneum

194 1282 303 1361 niali,
336 1282 397 1349 sed
428 1294 566 1350 tantum
597 1282 640 1349 de
674 1279 922 1373 temperantia.
965 1303 1116 1373 cumque
1146 1281 1190 1348 de
1237 1303 1379 1350 versum
1410 1303 1536 1369 agmen
1568 1282 1858 1352 concionatorum
1882 1277 1989 1351 huius
2014 1283 2137 1352 aetatis
2159 1296 2233 1351 tam

193 1383 370 1474 baptismo
395 1379 539 1452 loannis
563 1383 748 1451 dissentire
772 1396 805 1453 te
831 1377 1032 1475 ostendas⁸)
1066 1404 1189 1450 amca
1237 1381 1402 1452 atrociter
1424 1375 1692 1473 reprehendere.
1754 1380 1837 1452 Non
1870 1385 2015 1469 docent,
2055 1377 2234 1476 inquis¹⁰),

194 1484 434 1579 qualicunque
449 1483 699 1574 explicatione,
725 1480 820 1553 nihil
833 1484 1069 1576 rescripturus
1085 1506 1191 1568 eram,
1238 1486 1282 1553 de
1300 1484 1530 1574 poenitentia.
1591 1483 1707 1556 Credo
1731 1507 1804 1554 esse
1827 1485 1983 1577 aliquos,
2017 1485 2079 1578 qui
2102 1509 2167 1554 nec
2188 1487 2233 1553 de

194 1587 264 1656 nisi
297 1587 334 1655 id
364 1587 539 1677 petiisses,
579 1610 623 1655 ne
652 1587 793 1656 viderer
825 1599 886 1654 aut
916 1585 1098 1654 iracundia
1128 1596 1190 1654 aut
1239 1586 1472 1677 poenitentia,
1504 1610 1570 1655 nec
1594 1588 1637 1655 de
1654 1587 1722 1655 lide
1736 1587 1820 1655 satis
1843 1587 2032 1675 diligenter
2048 1600 2082 1656 et
2096 1586 2233 1656 erudite

194 1712 315 1757 amore
334 1713 493 1757 mearum
517 1689 727 1778 opinionum
755 1688 873 1758 rixari.
932 1685 1000 1757 Sed
1020 1685 1190 1780 quoniam
1237 1689 1376 1760 docent.
1433 1685 1524 1757 Nam
1548 1690 1652 1780 pauci
1670 1688 1869 1757 doctrinam
1886 1688 2013 1757 deiide
2030 1688 2233 1757 etverain-

195 1813 295 1859 ame
317 1791 407 1881 petis
432 1792 717 1880 responsionem,
750 1789 906 1879 primum
931 1783 1190 1881 demeo⁹)ne-
1238 1790 1423 1859 vocatione
1450 1789 1675 1879 intelligunt,
1715 1814 1804 1882 quae
1836 1791 1950 1858 multo
1976 1803 2028 1859 est
2047 1790 2233 1860 obscurior

195 1892 295 1981 gocio
320 1892 446 1962 dicam.
505 1887 583 1960 Etsi
603 1891 722 1959 iudico
745 1915 826 1967 vera
850 1912 1029 1982 essequae
1047 1889 1188 1979 scripsi:
1238 1914 1345 2009 quam
1367 1891 1527 1960 doctrina
1551 1894 1595 1961 de
1613 1892 1757 1963 ieiunio.
1818 1889 1888 1961 Sed
1909 1891 1975 1961 scis
1992 1907 2112 1961 tamen
2129 1914 2232 1983 prae-

194 2007 314 2062 tamen
330 2007 444 2063 tecum
460 1993 598 2081 litigare
611 1994 859 2084 nuncquidem
870 2015 942 2060 non
960 1993 1054 2063 volo.
1096 1990 1188 2059 Nolo
1238 1993 1360 2083 cipuos
1383 2007 1417 2062 ct
1433 1992 1634 2081 plurimos
1623 1994 1816 2082 inscriptis
1838 2005 1872 2062 et
1885 1993 2116 2062 concionibus
2133 2017 2231 2062 com-

195 2095 292 2164 enim
308 2117 434 2184 augere
447 2094 608 2185 publicas
623 2094 831 2163 discordias.
866 2107 901 2162 et
916 2116 984 2185 pus
997 2093 1189 2162 lectoribus
1220 2093 1377 2186 ‘plecti
1368 2107 1540 2183 mtegram
1564 2096 1780 2163 doctrinam
1829 2118 1894 2163 nec
1917 2095 2051 2164 deiide
2081 2108 2232 2189 tantum,

193 2197 359 2288 permitto
383 2196 574 2280 iudicium,
606 2197 920 2288 ubicunquesunt.
974 2192 1189 2287 Quanquam
1237 2195 1429 2267 sedetiam
1462 2198 1505 2264 de
1539 2196 1705 2266 omnibus
1729 2196 1933 2264 necessariis
1958 2197 2150 2266 virtutibus
2176 2196 2232 2264 di-

194 2298 291 2366 enim
325 2298 410 2369 citas
439 2250 670 2367 Ambrdsium
701 2312 736 2367 et
766 2294 1024 2413 Augustinum:
1071 2310 1189 2365 tamen
1237 2321 1330 2366 cere.
1358 2319 1447 2389 quos
1462 2321 1492 2366 sr
1508 2311 1679 2367 tuomnes
1694 2299 1850 2381 damnas,
1876 2310 1910 2365 et
1923 2297 2230 2367 vocasdeterrorcs

194 2412 329 2469 certum
351 2414 420 2482 est,
459 2400 758 2514 praedicationem
791 2398 1028 2489 poenitentiae
1054 2398 1092 2465 in
1120 2392 1190 2465 Ec·
1238 2398 1418 2468 idolorum
1441 2399 1655 2517 cultoriUbus,
1690 2398 1867 2492 quianon
1889 2399 2012 2468 dicunt
2035 2399 2230 2469 deterunro

195 2500 301 2571 cles1a
315 2498 383 2569 Der
405 2525 480 2570 non
498 2515 634 2571 tantum
657 2524 802 2590 arguere
817 2514 977 2592 peccata
1004 2500 1063 2568 sed
1083 2498 1190 2567 simul
1238 2499 1505 2586 caeremoniali,
1538 2501 1645 2568 nimis
1663 2501 1801 2570 duriter
1815 2524 2047 2592 pronuncias
2082 2496 2231 2570 utnihil

195 2604 414 2673 annunciare
461 2603 705 2673 remissionem
751 2615 984 2693 peccatorum.
1053 2599 1190 2669 lerum
1238 2601 1336 2671 aliud
1360 2601 1485 2674 dicam.
1537 2601 1656 2670 lllud
1646 2626 1685 2669 1n
1708 2602 1914 2695 quaestione
1931 2616 1999 2687 est,
2025 2626 2071 2671 an
2095 2626 2159 2693 per
2173 2603 2231 2671 br

195 2704 281 2775 nolo
327 2705 503 2797 copiosius
541 2705 708 2797 persequi
746 2728 861 2772 meam
903 2703 1189 2795 disputationem.
1238 2705 1349 2772 duum
1375 2714 1437 2771 aut
1463 2702 1643 2788 triduum,
1676 2716 1717 2773 ut
1740 2704 1846 2786 dicis,
1877 2727 2017 2772 necesse
2041 2705 2086 2773 sit
2108 2728 2127 2772 a
2151 2705 2230 2773 cibo

195 2803 279 2876 Non
300 2830 379 2876 sum
403 2809 491 2876 adeo
514 2828 675 2875 morosus
697 2820 759 2875 aut
777 2800 974 2900 φιλαυτός,
1007 2804 1188 2872 neminem
1238 2804 1425 2877 abstinere.
1476 2803 1529 2874 Ne
1560 2819 1595 2875 te
1626 2805 1768 2898 quidem
1800 2800 1868 2874 hoc
1899 2819 1985 2897 puto
2009 2807 2132 2875 lacere.
2181 2802 2232 2875 Ut

194 2922 284 2978 uta
320 2933 377 2978 me
400 2908 587 2978 dissentire
609 2907 728 2977 velim.
786 2903 863 2995 Ego
888 2931 977 3000 quae
1000 2905 1123 2994 collegi
1145 2905 1188 2972 de
1238 2907 1396 2976 secedere
1418 2930 1459 2974 ex
1485 2908 1589 2977 turba
1610 2908 1780 2999 precandi
1801 2931 1903 2976 causa
1929 2907 2109 2977 interdum
2133 2930 2231 2976 com-

196 3003 317 3104 tota¹⁰)
339 3011 519 3094 doctrina,
543 3022 628 3080 tuuc
644 3033 723 3078 cum
739 3031 886 3097 magnae
909 3022 943 3078 ct
958 3007 1088 3076 multae
1104 3030 1189 3075 con·
1237 3010 1383 3078 modum
1402 3020 1467 3077 est:
1503 3009 1552 3077 sic
1577 3009 1696 3079 iudico
1713 3009 1774 3079 illa
1790 3009 1941 3093 ieiunia,
1973 3010 2150 3077 velillum
2174 3009 2231 3076 in·
2309 3100 2312 3107 .

197 3112 386 3183 troversiae
408 3127 523 3182 motae
549 3124 681 3193 essent,
714 3122 748 3178 ct
773 3112 884 3179 multa
902 3110 1065 3197 ambigue
1082 3122 1116 3177 et
1132 3108 1190 3176 ni·
1238 3111 1352 3180 edium
1362 3110 1589 3180 alicuiusdiei
1599 3110 1727 3203 suscipi
1741 3134 1854 3202 posse,
1881 3124 1920 3180 ut
1935 3113 1979 3180 ad
1992 3109 2230 3201 precationem

197 3213 266 3281 mis
296 3214 440 3282 confuse
474 3214 692 3295 dicerentur,
735 3211 886 3302 simplici
918 3226 952 3281 et
982 3212 1041 3302 pio
1071 3209 1188 3280 studio
1237 3212 1294 3282 vel
1313 3211 1562 3300 cogitationem
1579 3212 1689 3302 magis
1704 3212 1826 3280 idonei
1843 3212 1968 3292 simus;
2000 3214 2062 3303 sed
2077 3236 2151 3281 non
2166 3235 2231 3280 ne·

197 3315 340 3405 collegi,
366 3339 405 3383 ac
422 3315 593 3384 iudicium
611 3310 788 3383 Ecclesiae
804 3313 981 3404 permitto.
1032 3310 1087 3380 Te
1105 3335 1189 3380 vero
1238 3314 1421 3383 cessariam
1441 3337 1515 3382 rem
1539 3337 1624 3387 esse.
1683 3310 1869 3384 Caeterum
1886 3315 2116 3405 temperantia
2131 3312 2231 3383 omni

197 3416 301 3487 etiam
316 3412 487 3485 hactenus
502 3417 629 3500 dilexi,
653 3428 688 3484 et
701 3409 818 3484 adhuc
835 3415 957 3504 diligo.
1008 3412 1100 3482 Nam
1113 3438 1191 3482 om·
1237 3429 1396 3507 tempore
1417 3417 1610 3485 necessaria
1633 3428 1696 3488 est.
1753 3410 1830 3485 Aut
1846 3416 1955 3504 igitur
1968 3417 2158 3507 explicato,
2184 3439 2231 3484 an

195 3540 260 3586 nes
290 3517 330 3584 in
353 3513 423 3586 hoc
446 3517 596 3585 docendi
618 3540 765 3585 munere
796 3518 1022 3599 coniunctos,
1057 3514 1189 3609 qui-de
1238 3513 1669 3611 dicas¹⁷)illaminediam,
1691 3512 1830 3600 hocest,
1856 3516 2230 3587 inuniversumacibo

195 3642 335 3688 summa
351 3617 532 3686 doctrinae
548 3618 783 3702 consentiunt,
809 3619 940 3686 amicos
958 3617 1051 3685 inter
1068 3640 1103 3688 se
1118 3638 1190 3684 esse
1238 3634 1273 3690 et
1287 3632 1372 3710 potu
1381 3619 1569 3702 abstinere,
1585 3642 1660 3687 rem
1674 3619 1904 3687 necessariam
1922 3642 2012 3687 esse:
2042 3633 2103 3689 aut
2120 3619 2231 3710 placi-

195 3733 362 3811 oportere
385 3732 520 3803 statuo,
562 3718 698 3787 etiamsi
720 3719 759 3787 in
782 3720 1017 3812 explicatione
1042 3717 1190 3787 alicuius
1239 3721 1368 3791 diustu
1382 3720 1569 3789 nobiscum
1585 3720 1690 3810 agito.
1722 3716 2228 3790 Poterasomninototamrem

195 3822 248 3892 rei
273 3816 394 3916 non¹¹)
419 3822 524 3912 plane
543 3822 663 3890 eadem
688 3821 828 3891 dicunt:
862 3817 998 3915 nam¹²)
1014 3820 1105 3890 alius
1120 3819 1191 3887 alio
1239 3846 1340 3914 agere
1358 3822 1476 3892 verbis
1491 3822 1705 3892 mitioribus.
1762 3818 1860 3891 Citas
1882 3845 1923 3889 ex
1936 3817 2137 3911 Augustino
2151 3821 2230 3890 lau·

194 3925 373 3995 dexterius
395 3936 457 3992 aut
480 3923 739 3991 incommodius
749 3917 790 4013 ¹³)
819 3923 955 4017 aliquid
989 3922 1085 3995 dicit.
1143 3917 1193 3990 Et
1222 3927 1300 3994 des
1314 3924 1452 4008 ieiunii,
1478 3923 1514 3991 in
1524 3917 2061 4016 quibusvidesessehyperbolae
2071 3924 2229 4014 pruden-

195 4027 291 4096 bona
312 4025 400 4109 tide,
433 4037 468 4094 et
484 4026 635 4117 quadam
653 4019 919 4118 philosophicae
937 4023 1192 4104 moderatione,
1238 4039 1293 4097 ter
1308 4026 1567 4115 intelligendas.
1606 4017 2229 4117 NectamenAugustinusdctua¹⁸)

196 4127 368 4196 amicitias
399 4127 594 4195 multorum
605 4121 646 4219 ¹⁴)
668 4126 781 4209 colui,
816 4142 850 4198 et
872 4127 970 4211 colo,
1003 4150 1050 4194 ne
1081 4150 1101 4196 a
1135 4147 1191 4192 me
1239 4129 1300 4199 illa
1315 4128 1434 4198 inedia
1448 4127 1627 4220 loquitur,
1661 4128 1720 4194 sed
1736 4139 1874 4197 tantum
1890 4128 1934 4195 de
1951 4127 2193 4216 temperantia.

194 4223 435 4298 Ecclesiarum
453 4241 653 4296 nostrarum
671 4229 860 4298 concordia
879 4228 1053 4298 turbetur.
1340 4228 1436 4299 Haec
1465 4229 1588 4318 scripsi
1614 4229 1709 4297 bono
1731 4240 1765 4297 et
1783 4227 1936 4319 simplici
1965 4230 2099 4298 studio:
2126 4241 2230 4318 teque

1240 4355 1322 4416 oro,
1360 4343 1401 4401 ut
1414 4331 1445 4400 si
1458 4325 1523 4399 has
1538 4328 1724 4414 Ecclesiae,
1748 4328 1930 4422 inquibus
1947 4343 2049 4400 sonat
2069 4327 2230 4397 doctrina

1240 4454 1347 4525 quam
1366 4431 1591 4522 profitemur,
1615 4453 1721 4514 amas,
1747 4443 1781 4499 te
1799 4429 1903 4499 nobis
1916 4431 2032 4521 potius
2048 4431 2231 4519 adiungas,

233 4520 260 4589 ⁵)
277 4519 365 4576 M²⁰¹·
386 4521 452 4574 Μ·
1239 4557 1347 4627 quam
1378 4531 1547 4602 inimicis:
1590 4545 1624 4602 et
1652 4532 1803 4625 quadam
1841 4531 1953 4599 animi
1987 4531 2231 4603 moderatione

231 4605 265 4760 ii
281 4601 763 4745 {qap§pozeqdqelpenpppt301h.
773 4602 986 4661 &hammam
1239 4631 1513 4730 communem¹⁹)
1542 4632 1767 4703 concordiam
1797 4633 1939 4706 tuearis.
2004 4633 2097 4705 Satis
2135 4631 2230 4702 mul·

233 4777 260 4839 g)
278 4776 432 4829 dmg,
450 4775 586 4840 „um
605 4773 690 4828 Peuc
1237 4750 1293 4807 tos
1328 4732 1447 4806 hostes
1479 4731 1650 4805 habemus
1680 4734 1782 4804 loris:
1825 4758 1889 4803 nec
1927 4758 2035 4826 parva
2077 4758 2134 4804 res
2167 4744 2231 4817 est,

231 4864 263 4933 9)
280 4880 345 4915 meo
358 4860 594 4983 bapereitamcod.
601 4857 687 4912 Goth.
695 4859 771 4927 212,
787 4859 926 4914 setPeuc.
934 4861 1029 4916 erent.
1038 4859 1121 4914 Goth.
1133 4859 1190 4916 191.
1239 4839 1446 4908 confirmare
1475 4849 1611 4907 mentes
1633 4836 1726 4908 veris
1742 4837 1927 4906 sententiis
1951 4838 2119 4907 adversus
2139 4836 2231 4904 illos.

272 4932 392 4985 omittuu

233 5020 276 5087 10)
295 5026 371 5082 toto,
384 5012 549 5084 quodl'euc.
563 5011 671 5077 omisit,
696 5021 811 5067 tuentur
825 5011 905 5065 etiam
922 5011 1020 5078 codd.;
1045 5011 1189 5067 0011.Μο-

267 5104 328 5142 nac.
347 5100 424 5137 vero.
1272 5082 1316 5152 15)
1333 5081 1402 5136 Cod.
1419 5082 1530 5135 Monac.
1543 5081 1697 5132 Libuu'oas.

234 5174 278 5241 11)
292 5173 381 5240 piane
393 5170 494 5221 endem
508 5174 561 5218 etc.
575 5163 645 5233 aprrd
659 5164 750 5220 Mani.
762 5164 925 5220 exciderant.
1273 5169 1318 5232 16)
1337 5167 1471 5221 Sicctiam
1480 5164 1634 5219 codGoth.
1643 5164 1702 5217 191.
1720 5159 1773 5212 Sed
1785 5160 1869 5214 Peuc.
1881 5178 1938 5212 non
1951 5163 2230 5218 docenturhomiues.

233 5258 277 5323 12)
295 5273 374 5325 ,μου
383 5247 571 5322 praecipuast
583 5249 654 5304 deest
666 5253 730 5309 cod.
743 5251 855 5306 Monac.
1276 5248 1322 5313 17)
1340 5251 1420 5301 dicos
1435 5247 1518 5301 Peuc.
1533 5259 1559 5299 et
1573 5246 1635 5301 cod.
1645 5242 1725 5297 Goth.
1740 5243 1817 5312 19t.‚
1835 5247 1922 5296 ducas
1936 5242 2033 5306 Mani..
2050 5247 2154 5298 doceas
2169 5247 2230 5301 cod.

233 5343 281 5410 18)
298 5343 345 5395 Sic
357 5340 437 5392 etiam
452 5333 685 5400 eod.Goch.212;
699 5335 803 5408 Pena,
818 5335 943 5390 Perel.et
955 5336 1018 5391 cod.
1032 5335 1116 5392 Goth.
1131 5338 1189 5393 191.
1310 5317 1394 5372 G01h·
1407 5318 1467 5367 ω·

266 5410 451 5466 commodius.
1277 5401 1322 5467 18)
1342 5407 1405 5465 tuo]
1420 5398 1482 5453 cod.
1495 5397 1573 5449 Mon.
1587 5415 1653 5450 uuo.

233 5492 280 5563 11)
295 5494 451 5548 multorum
464 5486 537 5541 abest
550 5504 565 5540 a
578 5484 696 5542 Penaet
711 5485 790 5550 Per..
809 5488 855 5543 sed
869 5487 983 5542 habetur
996 5488 1023 5542 in
1038 5488 1121 5543 codd.
1276 5485 1321 5551 19)
1340 5501 1533 5550 communem,
1550 5481 1622 5552 quod
1638 5481 1722 5537 Peuc.
1737 5479 1847 5550 omisit,
1863 5489 1975 5534 tuentur
1988 5480 2069 5533 etiam
2083 5480 2165 5535 codd.
