4882 6426
871 288 1483 407 ur1sr0nxnun'rna.
1515 329 1561 407 x.
1615 329 1750 407 seer.

383 523 419 538 -
435 491 555 615 Egistola
573 494 600 545 in
621 489 781 565 apographis
795 500 834 545 est
851 490 962 575 quidem
975 492 1009 546 ab
1022 510 1070 573 eq,
1096 510 1166 575 quae
1179 491 1284 549 Peuce·

382 580 456 617 ruse
477 561 526 616 idit
542 560 635 633 aliquo
650 560 734 614 modo
748 560 869 625 diversa,
888 572 914 615 et
925 570 1006 643 ettam
1019 559 1074 614 also
1089 561 1132 615 dre
1149 562 1221 632 data,
1237 563 1284 616 sed

383 641 475 685 ’Μ’
491 630 612 754 2¹¹⁵’‘¹¹'‘
623 629 1285 767 bilbili⁰⁵3.Sllll⁰l².ltiil‘rl2.²'irl².ll

381 709 447 824 illins
455 718 611 834 eeiioitnauiile,
631 716 751 821 delinirep
760 737 841 835 nolo,
852 768 913 852 ‘nisi
930 769 967 821 ris
982 767 1106 850 opinari,
1127 769 1282 851 Melpntbo·

381 837 547 962 paqqrssabrisss
565 836 685 892 eiusdem
706 846 859 907 arguments
873 839 963 892 literas
975 854 1081 893 mssrsse
1098 857 1147 908 per
1162 839 1283 893 diversos

279 1061 507 1143 Clarissimo
523 1062 619 1150 viro,
645 1058 847 1134 eruditione
863 1048 900 1134 et·
916 1063 1045 1135 virtute
1060 1074 1282 1162 praestante,

280 1167 396 1241 Dom.
423 1163 540 1262 Mag.
565 1160 719 1237 Paulo
746 1162 918 1248 Ebero,
961 1165 1080 1237 amico
1107 1176 1138 1236 et
1157 1166 1285 1267 fratri

716 1290 783 1337 suo
801 1263 843 1363 ¹).

202 1488 205 1495 ,
278 1400 326 1491 S.
352 1419 396 1491 D.
449 1415 556 1486 Petiit
581 1415 637 1484 vir
653 1415 868 1487 clarissimus
882 1415 984 1487 Doct.
1000 1411 1220 1504 Plicardus,
1242 1434 1283 1490 ut

278 1521 422 1592 Ascanii
452 1518 631 1610 principes
662 1519 856 1589 scriberent
887 1522 933 1589 ad
954 1519 1088 1612 Lipsici
1111 1523 1281 1612 praesidii

277 1624 493 1716 praelectum
510 1622 553 1689 de
573 1621 764 1690 emittenda
780 1621 929 1711 coniuge
946 1636 1026 1714 post
1041 1626 1281 1718 puerperium.

278 1723 350 1796 Eas
363 1720 394 1820 ²)
409 1724 540 1803 literas,
566 1736 606 1792 ut
625 1718 789 1792 exhibeas
804 1721 851 1794 D.
864 1716 1044 1794 Plicardo
1059 1721 1105 1819 ³),
1125 1742 1157 1798 te
1173 1728 1280 1796 etiam

278 1843 384 1920 atque
398 1826 504 1895 etiam
519 1847 601 1910 oro,
626 1849 666 1894 ac
681 1821 770 1892 mibi
786 1826 917 1896 diserte
933 1828 1120 1914 rescribas,
1145 1853 1192 1898 an
1209 1830 1279 1898 sint

278 1925 464 2001 exhibitae.
516 1923 633 1997 Mittit
656 1940 690 1998 et
706 1921 922 1998 Marcellus
947 1930 1121 2023 reliquam
1145 1946 1280 2023 partem

279 2030 401 2124 scripti
418 2026 464 2123 ⁴),
504 2031 601 2122 quod
627 2029 667 2098 in
690 2030 842 2099 latinum
866 2054 1066 2101 sermonem
1088 2034 1280 2114 transtulit,

279 2157 386 2228 quam
401 2131 502 2200 dabis
516 2125 606 2202 Viro
621 2127 854 2225 typographo.
905 2129 997 2202 Ecce
1014 2147 1131 2204 autem
1149 2137 1281 2226 episto-

278 2236 350 2305 lam
368 2234 534 2325 scriptam
552 2232 592 2304 ἐν
609 2238 656 2326 τῇ
671 2228 868 2332 μαργίτων
883 2227 984 2335 πόλει
998 2231 1025 2330 ⁵)
1050 2261 1139 2330 quae
1157 2239 1282 2308 recitat

278 2358 471 2408 sarcasmos
494 2336 786 2405 venenatissimos
807 2331 965 2407 hominis
991 2338 1121 2428 ingrati
1135 2334 1183 2434 ⁶),
1207 2365 1281 2411 κω-

268 2432 462 2533 Ιμοὶζοντος
486 2435 560 2507 ἐκεῖ
579 2432 643 2508 καὶ
669 2432 931 2524 παιανίζοντος
951 2435 1010 2511 ἐπὶ
1028 2442 1111 2520 ταῖς
1133 2462 1282 2538 συμφο-

279 2544 362 2638 ραῖς
378 2544 444 2633 τῆς
460 2531 612 2620 ἑλλάδος
628 2536 668 2635 ⁷).
707 2537 777 2610 Sed
796 2541 894 2610 dabit
911 2539 1008 2611 Deus
1026 2544 1130 2614 nobis
1144 2544 1281 2637 aliquid

276 2643 365 2719 boni
385 2666 450 2733 pro
474 2654 570 2711 tanta
592 2641 781 2712 acerbitate
806 2643 1068 2731 conviciorum,
1100 2659 1141 2716 ut
1164 2644 1280 2716 David

278 2745 419 2816 dicebat
431 2737 472 2834 ⁸).

380 2844 420 2916 si
441 2844 616 2936 pagellam
635 2845 856 2918 dialecticam
874 2849 1027 2918 absolvit
1044 2842 1227 2946 Iosephus
1241 2844 1282 2943 ⁹),

277 2947 379 3018 mitte
401 2947 580 3039 specimen
595 2942 649 3042 ¹⁰).
702 2945 868 3020 Attexere
891 2951 986 3019 enim
1004 2951 1109 3042 cupio
1129 2947 1176 3022 roi
1196 2946 1281 3024 ἑπό-

276 3073 385 3144 μενα.
434 3044 515 3119 Etsi
536 3049 633 3118 enim
657 3064 815 3143 tempore
839 3049 930 3123 mihi
953 3054 1077 3123 crescit
1092 3055 1281 3141 moestitia,

276 3166 317 3223 ut
332 3164 496 3222 crescunt
509 3152 601 3221 mala
616 3155 758 3244 publica
774 3156 951 3247 quotidie:
984 3168 1105 3225 tamen
1121 3157 1280 3226 scriben-

277 3257 324 3325 do
345 3253 536 3323 abducitur
558 3250 726 3323 nonnihil
748 3280 850 3325 mens
873 3281 893 3325 a
913 3270 1102 3347 conspectu
1120 3259 1280 3328 tristissi·
1359 3321 1367 3337 ,

276 3378 337 3424 mo
364 3354 590 3446 publicarum
621 3356 879 3443 calamitatum,
912 3380 1000 3451 quas
1023 3359 1161 3428 utinam
1183 3357 1280 3429 Deus

278 3456 427 3545 mitiget.
478 3453 568 3523 Heri
592 3453 681 3525 mihi
696 3457 866 3551 Princeps
883 3454 1056 3529 Ascanius
1073 3460 1204 3530 laetum
1223 3485 1280 3530 so-

279 3557 419 3628 mnium
434 3557 606 3639 narravit,
632 3562 727 3651 quod
748 3585 865 3631 coram
883 3561 1051 3636 recitabo.
1088 3558 1185 3632 Bene
1202 3565 1281 3634 vale

277 3673 313 3730 et
326 3659 490 3732 rescribe.
542 3657 610 3729 Die
628 3662 690 3735 22.
705 3661 840 3737 Martii.

311 3849 340 3916 1)
358 3847 479 3903 Renum
490 3848 698 3922 inscriptionem
715 3853 832 3910 amavit
847 3810 909 3910 co‘d.
924 3854 1008 3924 Lang.

308 3932 339 4000 ί)
357 3934 432 4001 Eos]
451 3935 532 3990 codd.
549 3935 634 3990 Goth.
649 3936 709 3990 191.
726 3937 773 3995 Et.

310 4012 340 4086 8)
363 4014 499 4069 Videlicet
520 4016 663 4071 Plicardus
687 4022 847 4075 versabatur
868 4023 916 4078 illo
939 4033 1063 4097 tempore
1086 4024 1279 4101 Witebergae‚

346 4084 508 4138 Melantbon
525 4095 614 4139 autem
630 4088 778 4145 Servestae.

309 4168 342 4235 4)
359 4164 459 4237 scripti
475 4181 525 4225 oon
540 4171 582 4225 ter
595 4170 747 4240 ttotbnebt.

311 4252 341 4319 5)
360 4252 378 4307 i.
391 4270 416 4307 e.
430 4252 563 4308 Berolini.

308 4335 345 4405 6)
363 4335 404 4395 lo.
420 4335 573 4407 Agricolae.

309 4422 338 4492 7)
358 4424 377 4475 ἰ.
392 4442 415 4479 e.
431 4421 593 4477 Academiae
608 4425 832 4496 Witebergensis
846 4440 871 4483 et
886 4428 1081 4502 Melantbonis,
1101 4453 1181 4507 quem
1194 4436 1278 4509 Agri-

345 4491 407 4548 cola
422 4491 593 4546 Graeculum
605 4493 709 4548 solebat
720 4496 864 4566 appellare.

309 4577 340 4645 8)
358 4576 465 4631 Verbat
495 4578 565 4631 Eece
585 4588 683 4631 nutem
703 4582 854 4645 epistolam
866 4612 907 4641 .—
926 4612 959 4627 -
980 4585 1079 4641 Dauid
1099 4591 1222 4659 debebas,
1248 4591 1277 4646 in

344 4655 462 4715 unoque
474 4645 570 4701 codice
583 4665 641 4701 non
655 4645 793 4718 leguntur.

309 4731 339 4801 9)
360 4730 491 4801 losepbus
505 4730 594 4802 Klug,
611 4734 795 4807 typographus
809 4734 936 4793 Witteb.

312 4814 359 4882 1⁰)
378 4812 411 4865 ln
423 4822 539 4895 utraque
551 4814 646 4871 codice
658 4816 724 4872 baec
737 4828 764 4900 et
776 4837 845 4940 qnae
856 4829 1007 4903 sequuntur
1018 4822 1057 4905 sie
1070 4840 1128 4905 sese
1140 4823 1257 4879 babent:

344 4880 431 5007 ...tl
442 4880 724 5022 ii⁸‘.'ii⁸.l'i⁸f.¹¹.²i'
731 4889 1179 5030 il.,'‚''iii{'.⁸,.⁸.l1’.⁰¹'iibilli,
1204 4894 1275 5044 lii}

345 5019 448 5103 alioqui
466 5029 589 5142 tempore
607 5022 720 5103 erescit,
745 5025 870 5107 ponuibil
890 5028 957 5109 mibi
968 5037 994 5080 et
1008 5029 1172 5109 cogitatione
1184 5030 1275 5103 phelo-

343 5089 1275 5224 tttlttztattt'bttttttlt‘:32¹t⁰tlt3.¹tt¹”tal’.5.ttss

345 5226 404 5282 Nisi
418 5229 493 5281 Deus
509 5225 567 5348 ¹ipse
584 5246 665 5299 opem
683 5227 761 5313 ierat·
778 5230 853 5312 leod.
868 5233 952 5303 Lang.
962 5232 1056 5301 seret]
1077 5252 1141 5318 supe
1157 5240 1276 5308 veritati,

344 5296 420 5369 quod
441 5306 517 5367 quota
537 5314 562 5348 re
583 5307 662 5367 peto,
688 5297 832 5353 borrrbrles
848 5302 975 5382 tenebrae
989 5311 1016 5354 et
1031 5319 1180 5374 σνγχυσεις
1194 5327 1274 5363 secu·

343 5375 421 5419 turae
440 5373 514 5418 sunt.
550 5363 706 5437 Pugnemus
726 5368 808 5439 igitur
826 5379 853 5422 et
868 5378 1022 5439 precatione
1040 5380 1066 5424 et
1079 5374 1192 5430 eruditis
1203 5376 1274 5432 scri-

363 5433 407 5488 tis.
442 5431 564 5487 Salutem
580 5445 645 5508 opto
659 5441 811 5494 reverendo
825 5438 861 5493 D.
875 5437 989 5493 Pastori.
1024 5438 1099 5495 Bene
1114 5444 1174 5499 vale
1189 5445 1273 5502 (1.28.

418 5500 437 5556 ‘i
459 5501 537 5560 1647.
588 5578 592 5593 Ι
1081 5509 1132 5568 Pb.
1146 5513 1206 5570 w

1336 498 1402 576 No.
1419 500 1533 577 3789.
1591 517 1602 545 ²

1341 597 1513 643 ’.ΑΝ

2171 521 2229 583 28.
2247 512 2341 580 Mur.

2156 605 2332 637 Μ

1631 702 1692 793 M.
1714 702 2031 821 Meienburgio.

1401 878 1486 954 Epist.
1494 880 1542 941 lib.
1550 880 1619 954 Vp.
1627 883 1726 959 seseq.
1742 887 1831 942 Antea
1838 887 1891 943 iam
1902 886 1975 943 edita
1986 887 2016 943 in
2024 887 2121 945 Manlii
2131 890 2233 966 farrag.
2241 894 2335 966 pets.

1432 979 1467 991 —
1485 952 1671 1027 Apograpbon
1688 953 1717 1009 in
1730 956 1792 1013 eod.
1807 958 1892 1031 Lang.
1911 977 1939 1029 p.
1953 959 2005 1013 899
2016 978 2078 1032 sqq.

1357 1120 1600 1199 Michaett
1624 1125 1974 1226 Meienburgs'o,
2007 1127 2172 1206 Consulr'
2190 1132 2310 1212 Nort-

1757 1226 1915 1304 busane.

1331 1358 1374 1452 S.
1399 1379 1444 1451 D.
1495 1380 1638 1456 Clariss.
1655 1397 1688 1455 et
1710 1379 1958 1454 honestissime
1973 1389 2046 1472 vir,
2071 1404 2108 1461 et
2123 1395 2234 1464 amice
2250 1394 2334 1468 tha-

1331 1484 1480 1553 rissime.
1532 1484 1654 1555 Toties
1670 1483 1696 1582 ¹)
1720 1488 1939 1578 praedictum
1957 1504 2010 1561 est
2025 1515 2099 1562 non
2117 1494 2156 1562 in
2170 1498 2335 1571 fanaticis

1331 1586 1526 1672 vaticiniis,
1550 1590 1612 1657 sed
1630 1588 1669 1656 in
1685 1612 1767 1658 vere
1781 1589 1914 1660 divinis
1928 1595 2093 1681 oraculis,
2119 1598 2158 1666 iu
2172 1594 2239 1671 bac
2255 1604 2334 1694 ipsa

1332 1689 1458 1758 mundi
1480 1703 1637 1770 senecta,
1669 1690 1708 1760 in
1731 1716 1837 1784 quam
1859 1694 2068 1781 incidimus,
2092 1699 2241 1773 maiores
2260 1704 2333 1773 im-

1330 1791 1512 1882 periorum
1537 1806 1572 1862 et
1590 1788 1768 1864 Ecclesiae
1791 1796 2017 1866 confusiones
2036 1796 2063 1894 ²)
2087 1802 2223 1899 iuturas
2244 1830 2332 1891 esse,

1331 1895 1609 1985 quamiuerunt
1630 1908 1745 1966 antea.
1797 1895 1911 1990 quue
1925 1900 2041 1969 voluit
2056 1900 2153 1974 Deus
2168 1930 2335 1997 praemo-

1332 2018 1437 2079 nere,
1463 2009 1503 2064 ut
1517 1997 1628 2066 simus
1643 1998 1887 2088 diligentiores
1902 2001 1941 2068 in
1956 2006 2160 2095 quaerenda
2177 2011 2335 2096 veritate,

1331 2109 1365 2165 et
1389 2097 1579 2182 firmiores,
1615 2112 1648 2168 et
1670 2114 1829 2192 petamus
1854 2116 1888 2171 et
1912 2118 2133 2196 expectemus
2158 2112 2333 2183 auxilium

1330 2195 1410 2272 Dei.
1462 2197 1539 2268 Etsi
1563 2201 1672 2290 igitur
1693 2203 1862 2273 terribilis
1878 2217 1929 2275 est
1945 2208 2083 2300 aquilae
2098 2212 2274 2285 adventus
2289 2211 2332 2309 3);

1331 2314 1449 2370 tamen
1472 2325 1538 2371 nos
1562 2305 1787 2375 consolemur
1803 2307 1984 2396 agnitione
1999 2302 2086 2397 Dei,
2116 2317 2331 2388 conscientia

1331 2417 1447 2475 rectae
1482 2404 1692 2496 voluntatis,
1740 2409 1837 2502 quod
1872 2411 2112 2502 quaesivimus
2138 2418 2331 2506 veritatem,

1332 2518 1366 2574 et
1389 2529 1449 2598 spe
1469 2507 1593 2576 auxilii
1613 2509 1728 2578 divini
1745 2534 1810 2580 nos
1826 2525 2062 2586 sustentemus
2080 2512 2122 2612 ⁴).
2174 2518 2247 2590 Nec
2263 2524 2332 2592 du-

1331 2607 1424 2689 bito,
1464 2599 1686 2680 servaturum
1715 2637 1788 2682 esse
1816 2613 1931 2684 Deum
1957 2612 2151 2706 Ecclesiae,
2193 2624 2329 2694 etiamsi

1331 2709 1442 2802 aliqui
1475 2734 1517 2780 ex
1540 2713 1645 2782 uobis
1668 2738 1808 2784 crucem
1830 2740 1902 2786 una
1926 2742 2007 2788 cum
2031 2717 2192 2815 Cyreneo
2217 2741 2331 2815 gesta-

1331 2811 1433 2881 bunt.
1484 2807 1560 2901 Ego
1581 2815 1686 2904 longe
1708 2819 1819 2907 magis
1835 2819 1931 2889 inter
1945 2834 2086 2893 nostros
2101 2826 2252 2898 interfici
2268 2856 2330 2899 vo·

1332 2914 1387 2998 lo,
1414 2938 1520 3007 quam
1544 2940 1623 2985 cum
1648 2918 1719 2986 illis
1734 2942 1807 2990 esse
1825 2923 2054 3009 coniunctus,
2079 2952 2233 3018 quorum
2250 2932 2330 3000 talis

1332 3029 1383 3085 est
1404 3017 1586 3101 voluntas,
1617 3021 1732 3112 qualis
1752 3036 1805 3093 est
1826 3017 1934 3093 buius
1956 3029 2062 3097 vestri
2077 3024 2108 3123 ⁵)
2129 3030 2236 3117 civis,
2268 3034 2329 3128 qui

1332 3118 1470 3211 scripsit
1484 3119 1681 3209 epistolam,
1703 3148 1809 3215 quam
1827 3119 1911 3195 huic
1928 3121 2067 3198 chartae
2084 3131 2224 3206 inclusi.
2251 3134 2331 3206 Sta-

1331 3220 1394 3288 tim
1413 3245 1433 3289 a
1450 3216 1618 3290 Paschate
1641 3225 1769 3294 advos
1790 3228 1964 3316 proficisci
1987 3255 2066 3300 cum
2090 3234 2164 3302 filio
2181 3238 2330 3323 decrevi,

1331 3320 1399 3389 msi
1416 3315 1448 3412 θ)
1470 3323 1509 3390 in
1534 3324 1602 3391 viis
1625 3325 1823 3416 periculum
1844 3331 1920 3403 erit.
1982 3331 2020 3403 Si
2045 3329 2163 3405 hostes
2185 3340 2331 3431 propius

1331 3424 1556 3510 accesserint,
1586 3425 1701 3496 filium
1723 3453 1869 3520 possum
1891 3432 1930 3500 in
1952 3435 2105 3506 vicinam
2129 3436 2329 3511 Marchiam

1331 3525 1376 3593 ad
1402 3526 1521 3595 fideles
1542 3541 1575 3597 et
1592 3544 1793 3620 perspectos
1808 3535 1940 3604 amicos
1956 3539 2116 3624 mittere,
2142 3543 2200 3610 vel
2214 3544 2252 3610 in
2263 3569 2328 3636 op-

1330 3627 1413 3719 pida
1439 3626 1547 3697 Ducis
1566 3621 1746 3723 hignicir'.
1795 3630 1872 3725 Ego
1893 3661 1949 3707 me
1972 3640 2010 3708 in
2032 3639 2233 3714 Marchiam
2258 3670 2330 3715 non

1331 3728 1523 3814 conferam,
1548 3733 1613 3801 etsi
1625 3729 1653 3824 7)
1670 3748 1828 3806 amanter
1843 3762 1980 3810 mecum
1995 3742 2135 3814 locutus
2149 3760 2200 3816 est
2212 3741 2332 3817 Mor-

1332 3822 1414 3898 ctio
1437 3855 1570 3922 nuper,
1596 3846 1636 3903 ut
1655 3834 1693 3902 in
1708 3828 1754 3904 F
1749 3837 2082 3936 runcosordianam
2099 3842 2328 3920 Academiam

1331 3955 1387 4000 me
1417 3934 1626 4008 conferrem.
1688 3936 1783 4008 Deus
1815 3936 1900 4013 baec
1923 3947 2080 4036 pericula
2105 3953 2329 4040 gubernabit,
2429 3956 2434 3971 ‘

1331 4045 1365 4103 et
1382 4048 1422 4105 ut
1435 4036 1626 4124 gubernet,
1653 4051 1728 4108 toto
1748 4065 1829 4110 eum
1845 4059 1985 4135 pectore
1999 4074 2074 4120 oro.
2127 4051 2246 4142 Quem
2266 4079 2329 4124 oro

1331 4135 1455 4220 etiam,
1480 4150 1522 4207 ut
1544 4163 1607 4209 vos
1630 4154 1666 4210 et
1688 4156 1822 4212 vestros
1838 4163 1952 4219 servet
1970 4153 2179 4229 incolumes.
2230 4153 2328 4226 Bene

1330 4250 1364 4307 et
1387 4236 1538 4307 feliciter
1563 4240 1687 4316 valete.
1740 4243 1808 4314 Die
1823 4242 1959 4338 Agonis
1976 4251 2062 4323 Filii
2078 4256 2145 4327 Dei
2163 4258 2208 4327 ad
2225 4283 2328 4329 mon-

1329 4352 1401 4408 tem
1428 4340 1573 4426 oliveti,
1603 4342 1643 4411 in
1669 4370 1740 4438 quo
1767 4371 1833 4438 pro
1859 4354 1963 4423 nobis
1983 4371 2167 4430 aeternum
2188 4357 2326 4433 Patrem

1328 4456 1491 4532 precatus
1508 4457 1572 4518 est.

1380 4540 1514 4636 Scripsi
1535 4549 1579 4616 ad
1596 4541 1785 4618 Andrenm
1806 4551 1845 4619 iu
1859 4549 1999 4624 Salinas
2015 4556 2058 4625 de
2073 4563 2326 4648 gubernatione

1429 4641 1607 4718 Ecclesiae
1621 4664 1767 4726 vestrae.
1819 4652 1873 4723 De
1887 4647 2007 4727 Pareo
2019 4662 2132 4733 multa
2147 4678 2278 4741 metuo.

2025 4758 2226 4859 Philippus.

1326 4851 1546 4869 ..ᾕ-

1362 4937 1390 5004 1)
1410 4938 1479 4994 Cod.
1500 4941 1585 5014 Lang.
1604 4943 1692 4998 Notis
1707 4950 1797 5004 toties.

1360 5024 1389 5090 Ξ)
1407 5024 1495 5079 Mani.
1517 5032 1697 5084 mutationes.

1362 5109 1389 5177 8)
1410 5109 1496 5165 Manl.
1510 5116 1663 5183 aventus,
1681 5116 1765 5171 Saub.
1779 5125 1924 5180 odoretur.

1362 5191 1389 5259 t)
1406 5196 1553 5264 noceret]
1567 5196 1727 5254 exciderunt
1741 5220 1756 5257 e
1768 5212 1839 5258 testu
1848 5206 1929 5267 Saub.
1943 5220 1970 5266 et
1982 5210 2147 5284 rodlang,
2162 5223 2190 5270 et
2202 5217 2266 5273 eod.
2276 5230 2388 5286 pt-

1393 5261 1635 5332 rpebabetspem.
2000 5308 2004 5315 ι

1361 5347 1392 5417 6)
1410 5348 1465 5402 Pro
1478 5350 1566 5404 tutus
1579 5356 1669 5407 uestrr'
1683 5354 1772 5412 Manl.
1785 5364 1887 5416 nostn'.
2007 5405 2013 5414 .

1360 5435 1389 5503 6)
1408 5434 1496 5489 Mani.
1510 5444 1617 5490 tomen.

1363 5520 1392 5590 r)
1411 5518 1499 5575 arsut.
1513 5522 1635 5577 nomer.
