4882 6426
197 286 272 363 coe
584 390 587 395 Ι
774 275 1210 359 urtsrouauuu
1271 279 1655 387 uiuacitas.
1870 397 1874 408 Ι
2160 293 2242 368 aot

206 453 289 531 uase
303 448 482 532 iuniores,
506 468 598 545 quse
610 448 776 521 decuerat
796 468 876 528 eoa,
909 459 945 517 et
967 462 1074 540 quam
1094 457 1195 537 pote-
1242 460 1297 517 cet
1316 448 1534 539 perspicuam
1559 462 1593 519 et
1617 449 1861 538 incurruptam
1887 450 2098 525 sententiam
2121 458 2247 529 coele·

192 565 489 645 nutpmotare.
537 549 643 623 Nunc
666 549 850 635 dolemus,
881 547 1020 642 aliquos
1042 547 1195 618 similem
1244 549 1305 619 stis
1318 548 1520 632 doctrinae,
1545 562 1580 618 et
1592 542 1878 639 Philosophiam:
1906 575 2100 645 speramus,
2122 559 2245 629 bonos

206 654 279 729 sibi
291 653 488 738 licentiam.
513 667 554 723 ιιι
569 665 690 736 antea,
714 673 864 734 sumere,
888 662 959 743 qua‘
974 648 1014 717 in
1028 673 1067 720 re
1080 662 1121 719 ut
1136 673 1196 719 co-
1243 649 1338 719 viros
1367 651 1578 741 probaturos
1609 673 1683 719 esse
1706 646 1800 721 hanc
1821 665 1979 725 nostram
2006 658 2244 735 sedulitatem.

207 757 323 848 qitent
341 769 379 831 et
398 757 444 826 de
465 776 528 826 suo
554 766 589 822 et
613 756 657 822 de
685 751 867 821 communi
891 745 998 822 huius
1018 749 1141 843 oppidi
1161 761 1197 819 et
1243 748 1359 820 Deum
1374 765 1466 821 certe
1483 752 1691 822 ardentibus
1711 752 1801 822 votis
1817 777 1981 841 oramus,
2008 768 2043 826 et
2066 772 2106 828 ut
2125 774 2243 830 servet

199 854 337 931 harum
359 857 517 946 gentium
543 853 717 946 periculo,
750 852 1113 922 commonefaciendus
1137 873 1196 920 eos
1243 847 1435 921 Ecclesiam
1455 874 1574 937 suam,
1596 865 1631 923 et
1647 866 1687 923 ut
1704 854 1887 925 medeatur
1904 852 2158 928 communibus
2172 862 2244 929 mi-

210 953 367 1028 essehoc
385 958 498 1027 edicto
522 956 686 1026 diximus.
735 953 826 1026 Cum
850 953 888 1020 iu
914 955 1046 1044 oppido
1070 952 1141 1021 sint
1163 964 1197 1020 et
1244 953 1355 1026 seriis.
1407 951 1553 1024 Rectius
1566 967 1618 1024 est
1633 967 1750 1025 autern
1767 955 1806 1023 iu
1820 951 1877 1025 his
1897 957 2007 1029 tentis
2026 962 2246 1035 calamitati-

209 1059 340 1128 milites
362 1072 396 1127 et
417 1058 478 1126 alii
499 1056 694 1148 peregrini,
717 1068 910 1143 nocturnae
930 1054 1197 1124 vociferationes
1244 1056 1311 1123 bus
1330 1077 1348 1122 a
1366 1046 1443 1121 Deo
1471 1079 1574 1147 opem
1600 1068 1736 1146 petere.
1766 1069 1800 1127 et
1822 1057 2036 1144 cogitatione
2058 1063 2245 1134 doctrinae

210 1173 247 1230 et
279 1158 555 1228 discursationcs'
583 1158 706 1248 plenae
735 1169 819 1225 suut
850 1154 1009 1245 periculi.
1077 1151 1197 1241 Quare
1244 1155 1384 1224 dolores
1404 1154 1537 1240 lenire‚·
1570 1180 1676 1247 quam
1699 1157 1756 1224 vel
1778 1157 1879 1229 irasci
1901 1157 1998 1245 Deo,
2031 1175 2068 1234 et
2090 1164 2247 1235 maledi·

209 1259 444 1355 praecipimus
477 1253 706 1341 scholasticis,
746 1279 791 1324 ne
820 1269 927 1325 noctu
955 1256 1032 1324 sine
1058 1250 1196 1349 lychnis
1244 1279 1321 1325 cere
1346 1250 1569 1341 hominibus3
1611 1257 1686 1342 vel,
1715 1258 1859 1330 abiectis
1888 1261 2070 1333 doctrinae
2102 1264 2247 1351 studiis,

209 1373 397 1448 vagentur,
428 1372 462 1428 et
485 1383 531 1427 ue
554 1356 866 1428 vociferationibus
889 1355 1028 1425 irritent
1050 1355 1107 1423 vel
1130 1350 1198 1424 ho-
1243 1348 1373 1426 frustra
1387 1357 1617 1442 tumultuari,
1640 1370 1675 1427 ct
1691 1360 1873 1431 cumulare
1892 1363 2034 1451 publica
2051 1377 2085 1433 et
2099 1366 2245 1455 privata

210 1460 316 1551 spites
331 1460 385 1528 vel
401 1459 499 1537 alios.
553 1457 630 1548 lpsa
656 1483 718 1548 per
739 1482 775 1526 se
796 1457 989 1548 petulantia
1010 1456 1124 1548 turpis
1147 1468 1198 1526 est
1244 1458 1353 1542 mala,
1385 1481 1464 1527 cum
1491 1458 1635 1551 quidem
1659 1459 1832 1551 sapientes
1855 1462 1925 1532 viri
1947 1467 2041 1557 apud
2064 1461 2245 1538 Ethnicos

209 1560 362 1649 etdigua
379 1583 503 1650 poena.
555 1560 622 1630 Sed
642 1583 738 1628 urrnc
761 1572 905 1649 propter
926 1559 1054 1627 multas
1078 1580 1198 1626 causas
1245 1559 1449 1644 docuerint,
1475 1573 1549 1629 arte
1564 1560 1727 1629 ferendas
1743 1585 1815 1631 esse
1830 1586 1886 1633 ros
1902 1565 2072 1650 adversas,
2097 1592 2245 1638 nema-

209 1660 438 1752 periculosior
454 1676 521 1743 est,
547 1686 650 1753 quam
676 1660 744 1730 fuit
767 1673 868 1728 autea
892 1659 1092 1753 tranquillis
1108 1672 1198 1726 tem·
1244 1661 1320 1730 iora
1338 1662 1431 1729 mala
1454 1673 1606 1731 accersat
1628 1662 1848 1753 indignatio,
1877 1664 1971 1737 iuxta
1991 1660 2055 1739 hos
2077 1668 2246 1741 versicu-

208 1759 365 1851 poribus.
431 1758 515 1830 ldeo
551 1761 768 1831 severissime
801 1761 1051 1851 praecipimus,
1093 1773 1131 1829 ut
1165 1772 1199 1828 et
1244 1762 1312 1832 los:

207 1860 438 1933 modestiores
462 1862 533 1930 sint
555 1857 772 1944 scholastici,
801 1875 835 1928 et
856 1873 898 1931 ut
920 1862 1015 1953 pacis
1038 1859 1197 1952 publicae
1329 1891 1393 1957 Ka>
1414 1890 1461 1975 W>
1485 1888 1652 1979 3404,pr
1673 1894 1754 1976 μηδὲ
1775 1892 1935 1980 προσάγω,
1953 1894 2118 1984 πράγματι

207 1972 241 2031 et
267 1985 350 2033 suae
376 1963 629 2033 incolumitatis
658 1986 758 2032 causa
786 1961 900 2033 vitent
919 1986 1041 2032 omues
1063 1962 1198 2031 tumul·
1329 1978 1498 2056 Χειμῶνας
1519 1974 1658 2060 ἑτέρους,
1687 1981 1763 2058 τούς
1784 1978 2007 2066 δ’ἀναγκαιους
2028 1982 2117 2071 φέρε.

207 2075 308 2133 fuum
324 2062 533 2139 0⁶0³⁸l⁰¹10b
584 2061 695 2135 llatae
714 2061 868 2137 &Pehb
884 2088 978 2133 ³¹¹¹¹⁰
999 2062 1108 2138 ¹54⁸·
1248 2096 1375 2191 ltaque
1398 2099 1494 2190 quod
1525 2098 1679 2169 faustum
1710 2113 1745 2170 et
1768 2099 1853 2172 felix
1882 2103 1945 2189 sit,
1982 2100 2063 2174 Deo
2087 2103 2244 2187 iuvante,

1228 2200 1405 2291 ‘proxime
1425 2199 1481 2269 die
1505 2199 1654 2290 septimo
1672 2199 1859 2272 Februarii
1880 2205 2083 2276 testimonia
2105 2194 2266 2275 stodts'

1246 2325 1326 2371 rum
1344 2300 1541 2369 tribuemus
1557 2300 1694 2393 aliquot
1710 2297 1866 2374 honestis
1882 2306 1989 2391 viris,
2023 2307 2146 2400 eisque
2167 2306 2240 2377 usi·

205 2395 273 2472 No.
288 2394 401 2473 4145.
1059 2408 1093 2470 5.
1110 2402 1198 2466 Febr.
1246 2415 1319 2471 tato
1340 2425 1438 2471 more
1461 2402 1691 2470 decernemus
1717 2406 1865 2493 gradum
1890 2405 2090 2495 Magisterii
2114 2402 2238 2477 Philo-

210 2489 382 2525 ...m
551 2548 600 2632 Α
656 2549 687 2632 d
764 2554 772 2569 .
805 2555 814 2570 .
1057 2495 1195 2522 Μ’
1246 2497 1404 2593 sophici,
1439 2525 1480 2571 ac
1504 2504 1622 2575 Deum
1645 2527 1806 2591 oramus,
1838 2519 1933 2576 utet
1959 2504 2089 2581 ltorum
2112 2509 2239 2595 suedia,

601 2577 652 2633 θα
688 2576 847 2637 emm·
1247 2617 1283 2674 et
1303 2626 1387 2690 nos,
1414 2616 1448 2672 et
1466 2599 1659 2673 Ecclesiam
1681 2600 1787 2675 huius
1809 2608 1951 2700 oppidi,
1976 2610 2238 2681 clementerre·

271 2669 379 2765 ΜΨ
395 2691 470 2766 publ.
489 2690 523 2748 Τ·
536 2690 557 2749 ¹·
576 2711 604 2764 Ρ·
618 2691 703 2747 4⁰3b‘
1246 2718 1321 2794 gat,
1345 2718 1380 2774 et
1397 2704 1572 2774 custodiat
1583 2699 1669 2774 haec
1684 2708 1880 2796 tuguriola,
1908 2710 1947 2779 in
1963 2711 2097 2804 quibus
2119 2724 2157 2782 et
2174 2714 2236 2783 do:

125 2848 135 2867 '
203 2821 1078 2925 DcconusColfegit'PhilosophiciPhilippus
1096 2820 1153 2896 M
1156 2848 1198 2894 e·
1245 2807 1356 2923 elliu?
1383 2819 1614 2896 Pf⁰l³¹ldfll¹¹fs
1656 2810 2236 2927 ‘1¹¹⁰l20ff0fflsslfltffll0ffi

401 2925 602 3001 lambo„
633 2925 851 3000 fictoribus
878 2926 918 3005 S,
943 2924 997 2997 1),
1243 2903 1400 2977 Domino
1416 2921 1536 2977 nostro
1554 2905 1582 2980 l.
1596 2904 1657 2991 C..
1683 2911 1848 2980 crucifixo
1862 2935 1927 3002 pro
1951 2913 2059 2985 nobis
2078 2929 2115 2985 et
2137 2939 2234 2987 resu-

438 3083 475 3100 Η
571 3082 580 3100 ,
685 3079 694 3097 ‚
1244 3006 1389 3093 scitato,
1420 3022 1460 3077 ut
1479 3009 1572 3099 ipse,
1605 3033 1685 3078 carm
1707 3010 1752 3080 sit
1773 3008 1891 3106 ἱκέτης
1912 3011 1977 3087 καὶ
1998 3010 2153 3110 μεσίτης
2173 3040 2234 3110 pro

204 3068 367 3153 Ecclesia
381 3081 448 3153 Der
464 3095 557 3152 iuter
569 3105 799 3173 imperiorum
820 3080 1014 3161 tumultus,
1041 3093 1080 3150 ut
1099 3104 1196 3174 cym-
1243 3111 1366 3193 nobis,
1392 3110 1544 3199 perferat
1558 3133 1598 3179 ea
1616 3111 1661 3179 ,d
1676 3120 1860 3184 aeternum
1875 3112 2036 3203 patrem,
2060 3131 2104 3189 ut
2119 3121 2158 3188 in
2172 3143 2234 3189 no·

203 3184 248 3253 b³
263 3185 301 3252 ln
315 3185 501 3268 fluclll’lssv
527 3184 693 3261 5⁸⁶¹³¹¹¹f³
720 3195 761 3299 ἿῙ
778 3206 879 3271 sael’e
894 3182 1092 3300 significffnl
1106 3183 1196 3250 lma·
1242 3225 1315 3280 stro
1333 3226 1435 3281 coetu
1450 3211 1555 3280 etiam
1575 3210 1762 3301 colligatur
1774 3228 1809 3286 et
1826 3233 2056 3291 conservetur
2070 3244 2154 3291 vcra
2165 3217 2233 3292 Ec·

204 3283 302 3372 gines
324 3285 362 3351 iu
384 3281 579 3372 Evangelio
602 3297 815 3374 propositae:
852 3295 887 3351 et
909 3295 1066 3374 quaesit
1090 3306 1193 3351 causa
1242 3311 1360 3381 cqesqa·
1413 3309 1654 3383 qupebn&
1683 3311 1827 3390 1543..

204 3399 384 3454 tantarum
410 3384 646 3453 calamitatum
673 3382 810 3472 generis
836 3376 1004 3467 humani,
1035 3383 1193 3453 coelestis

204 3485 364 3556 doctrina
379 3484 533 3575 exponit.
583 3480 674 3564 Cum
688 3497 805 3552 autem
828 3482 922 3552 iuter
942 3483 1015 3574 ipsa
1036 3485 1192 3575 pericula

203 3600 317 3657 servet
331 3582 427 3657 Deus
442 3584 634 3656 Ecclesiam
656 3607 773 3669 suam,
797 3608 1018 3677 nequaquam
1032 3586 1110 3655 vult
1127 3610 1193 3656 nos
1247 3646 1280 3718 N
1335 3645 1379 3719 4¹
1389 3646 1437 3719 46

204 3689 516 3758 studiadoctrinae
540 3686 689 3756 abiicere
712 3700 856 3777 propter
875 3699 1074 3777 temporum
1098 3687 1192 3755 difli-
1245 3673 1320 3775 ,ος
1370 3748 1388 3771 ,
1441 3702 1450 3720 ·
1978 3736 1981 3741 -
2065 3664 2226 3785 Q

205 3789 362 3861 cultates.
414 3788 489 3857 lmo
507 3802 590 3858 tuuc
606 3800 640 3856 et
658 3786 811 3856 remedia
836 3810 855 3853 a
878 3788 1039 3857 doctriua
1090 3803 1181 3857 clerc
1542 3839 1549 3856 .
1709 3841 1716 3859 .
1866 3839 1875 3854 .

205 3902 239 3959 et
254 3890 464 3980 cogitatione
482 3887 726 3983 promissionis
742 3888 884 3955 divinae
908 3812 1096 3957 accenderPe
1111 3842 1193 3958 votai
1262 3893 1269 3906 ’
1362 3926 1365 3931 ·
1424 3833 1604 3921 Tmlm'
1633 3834 1864 3925 Lemkolw
1888 3840 2060 3932 datum·

205 3990 320 4076 iubet,
353 4003 388 4060 et
410 3990 488 4060 vult
512 3989 646 4058 maiore
672 4012 753 4057 cura
779 3988 964 4078 propagari
986 3989 1195 4074 doctrinam,
1307 4001 1530 4077 quammulti
1543 4009 1605 4064 cod.
1621 4010 1707 4066 Goth.
1720 4010 1780 4070 401.
1797 4030 1826 4085 p.
1841 4015 1927 4072 meu.

205 4105 245 4162 ut
262 4094 306 4161 ad
328 4103 487 4183 posteros
508 4089 701 4180 perveniat.
752 4087 800 4158 Et
823 4088 1029 4178 pollicetur,
1055 4089 1194 4159 labores

204 4206 345 4263 nostros
357 4215 429 4260 nou
447 4192 522 4261 fore
539 4191 700 4259 inutiles:
730 4181 879 4268 barinae
901 4183 1011 4281 ὑμῶν
1026 4187 1095 4262 οὐκ
1117 4188 1194 4262 ἔστι

204 4288 310 4376 κενὸς
330 4293 372 4365 ἐν
393 4286 522 4388 Κυρίῳ
542 4289 594 4384 *),
632 4290 735 4383 quasi
759 4291 867 4359 dicat:
907 4289 1044 4360 etiamsi
1077 4288 1194 4361 homi·
1240 4266 1413 4353 Decanua
1429 4284 1569 4375 collegii
1589 4284 1830 4388 philosophici
1845 4296 1885 4365 in
1900 4291 2095 4373 Academia
2111 4300 2226 4375 Wite·

205 4419 292 4464 num
319 4393 460 4464 iudiciis
488 4393 602 4463 studia
629 4404 711 4461 suut
744 4391 988 4482 intempestiva
1024 4405 1059 4464 et
1084 4393 1196 4464 inuti·
1241 4383 1422 4474 bergensi,
1446 4378 1648 4485 Philippos
1666 4387 1915 4483 Melanthea,
1944 4399 1980 4473 S.
1995 4399 2042 4475 D.
2066 4405 2224 4475 omnibus

206 4495 268 4565 lia:
294 4507 410 4564 umen
424 4492 501 4563 Deo
515 4518 618 4564 curae
634 4494 712 4576 erit,
735 4507 771 4561 ut
788 4493 860 4562 sint
873 4493 1052 4567 salutaria.
1102 4493 1194 4564 Cum
1241 4483 1384 4554 leclurls
1408 4481 1471 4555 llas
1492 4489 1622 4561 literas.
1673 4492 1803 4566 Petivit
1823 4522 1843 4566 a
1865 4500 1969 4570 nobis
1988 4503 2222 4577 testimonium

160 4612 162 4617 ’
206 4597 314 4685 igitur
327 4591 393 4665 hae
410 4619 513 4665 verae
533 4618 654 4667 causae
672 4617 737 4662 nos
753 4607 937 4674 moveant,
964 4618 1008 4663 ne
1031 4596 1194 4664 exercitia
1242 4586 1285 4654 de
1301 4587 1374 4656 suis
1387 4589 1534 4673 studiis,
1560 4593 1720 4664 moribus
1745 4610 1780 4668 et
1801 4601 1915 4687 gradu
1931 4599 2105 4692 Magister
2119 4602 2221 4677 Mar·

205 4696 360 4768 literaria
376 4696 599 4775 omittamus,
623 4709 658 4766 et
677 4708 830 4778 constet,
859 4697 903 4763 de
925 4695 1031 4764 rebus
1052 4696 1195 4786 optimis
1243 4707 1304 4754 0¹1⁸
1314 4678 1495 4757 Leindoll
1503 4745 1512 4772 ‚
1537 4689 1859 4786 llamelburgeusis.
1912 4701 1952 4771 ld
1967 4702 1999 4772 ei
2014 4728 2221 4778 mmmccc-

203 4797 298 4870 tradi
311 4797 508 4868 doctrinam
525 4822 545 4867 a
561 4797 665 4867 uobis
681 4796 849 4865 mediocri
869 4795 1074 4884 diligentia,
1100 4797 1196 4865 scili·
1240 4787 1377 4859 luntate
1391 4789 1658 4881 impertivimus.
1707 4793 1799 4868 Cum
1813 4800 1959 4872 enimin
1972 4807 2152 4879 academia
2164 4832 2222 4880 uo·

1242 4902 1311 4957 stra
1341 4890 1480 4962 circiter
1504 4896 1779 4987 quadriennium
1813 4902 1852 4970 in
1887 4904 2015 4974 studiis
2047 4910 2222 4981 doctrinae

1008 5085 1009 5088 Ἴ
1241 5003 1398 5060 versatus
1413 4994 1477 5078 sit,
1500 4997 1755 5087 comperimus,
1774 5001 1850 5072 eius
1863 5005 2022 5076 indolem
2039 5031 2113 5079 esse
2126 5015 2168 5081 ad
2182 5012 2221 5079 li-

215 5115 618 5200 ‘wfficcverbauleguutorl
633 5113 756 5199 fiuntd,
770 5112 813 5166 ⁶8.
829 5121 856 5165 et
875 5110 904 5164 iu
918 5111 1194 5200 Epigrammattdfql.
1242 5103 1334 5161 letas
1349 5106 1384 5162 el
1407 5095 1452 5163 ad
1476 5097 1641 5166 vlrlttlem
1666 5099 1848 5186 idoneam,
1873 5119 1907 5175 el
1928 5131 2045 5178 mores
2065 5113 2143 5181 elus
2163 5107 2225 5182 llo-

272 5182 619 5241 ed.Grothusrcfol.2lb.
640 5202 669 5237 ιιι
689 5179 1049 5239 cenomannensem
1074 5183 1193 5242 etlatr·
1240 5205 1359 5261 nestos
1383 5217 1466 5267 9359·
1524 5195 1685 5292 Cumque
1713 5202 1870 5290 linguam
1902 5207 2050 5278 latinam
2076 5212 2223 5285 studim

272 5251 524 5311 commutatatio:
1268 5292 1277 5310 .
1307 5294 1316 5310 .
1340 5294 1349 5311 .
1507 5297 1516 5315 ,
1570 5299 1578 5315 ,
2034 5300 2036 5304 .

297 5345 846 5476 ''qenirlraootpodao'noefcrceeric.
1240 5294 1438 5375 d¹d¹⁰¹⁵⁸el’
1469 5297 1604 5391 ahqmd
1631 5325 1758 5391 ⁰9⁰³oe
1780 5318 1977 5395 ἥψω
1995 5308 2142 5401 [infime
2164 5314 2222 5386 lsi·

331 5437 368 5474 on

373 5423 463 5479 ,tato
473 5422 504 5472 ta
519 5420 645 5474 mmm
658 5427 752 5474 vester
763 5419 858 5473 cuano
870 5419 932 5476 ent.
951 5415 1060 5485 [Luae]
1239 5394 1335 5481 huit,
1361 5410 1400 5467 ut
1415 5397 1550 5486 aditum
1571 5401 1639 5470 sibi
1657 5406 1701 5472 ad
1724 5401 1987 5503 philosophiam
2009 5418 2225 5504 patefaceret.

1577 4153 1894 4259 (Testimonium.)

209 4999 411 5015 m
