4882 6436
195 344 269 416 aar
522 444 528 457 ,
786 335 1218 465 nrrsronaaou
1269 342 1375 420 ιιι.
1402 343 1448 420 x.
1502 343 1632 420 rare.
2144 345 2222 417 aas

196 532 266 586 tem
300 516 468 587 adversus
498 511 644 586 heredes
676 536 817 606 rapaces
843 528 903 585 aut
927 513 1185 598 fraudulentos,
1231 517 1276 586 do
1295 515 1439 609 politico
1455 517 1598 602 ordine,
1624 539 1721 587 nunc
1735 520 1779 586 de
1795 519 1839 588 iis
1851 530 1987 588 tantum
2005 517 2132 599 dicam,
2159 517 2223 608 qui

197 618 261 712 qui
285 619 341 688 vel
366 620 418 703 vi,
451 617 509 687 vel
529 618 675 701 fraude,
700 630 831 688 ceteros
854 612 1001 687 heredes
1025 629 1185 686 excutere
1230 619 1479 710 superstitione
1499 621 1652 710 quadam
1676 632 1892 706 asseverant,
1917 633 2040 689 contra
2056 615 2222 707 Evange-

198 733 420 792 conarentur.
477 718 602 791 Cum'
591 719 700 807 igitur
721 720 900 788 actionum
924 719 1187 791 constituenda·
1230 720 1319 790 lium
1336 723 1449 789 facere
1465 742 1536 798 eos,
1561 721 1625 812 qui
1638 735 1700 792 aut
1714 745 1769 790 res
1787 744 1876 805 snas,
1902 735 1963 791 aut
1978 718 2223 790 defensionem

140 888 145 892 .
198 847 279 893 rum
294 835 328 891 et
345 822 656 891 discernendarum
672 822 856 891 necessitas
872 800 910 889 in
927 833 1115 912 conspectu
1131 821 1188 904 sit,
1232 822 1271 890 in
1292 822 1433 891 iudiciis
1452 834 1588 913 petunt.
1636 818 1744 891 Hunc
1759 844 1914 891 errorem
1930 823 2023 892 vitae
2039 825 2223 892 communi

134 968 137 973 -
200 949 274 1005 nou
292 923 406 993 solum
424 925 574 992 amanda
592 935 643 991 est
658 923 837 1007 doctrina,
863 947 952 1015 quae
970 922 1060 990 de
1030 944 1187 990 ersasa-
1231 946 1467 1015 pernictosum
1481 946 1564 1008 esse,
1586 946 1690 991 nemo
1710 947 1784 992 non
1798 923 1906 996 videt
1941 922 2009 992 Sed
2026 919 2093 992 hoc
2105 924 2221 994 multo

94 1113 96 1122 ,
199 1024 427 1118 pientissimis
441 1018 645 1093 hominibus
666 1025 792 1093 tradita
809 1036 878 1108 est,
902 1024 963 1092 sed
979 1024 1082 1092 etiam
1100 1018 1188 1090 Phi·
1232 1025 1383 1094 atrocius
1398 1038 1467 1105 est,
1492 1026 1587 1116 quod
1605 1024 1709 1107 etiam
1724 1027 1891 1094 adversus
1904 1021 2020 1092 Deum
2037 1040 2222 1095 contume-

202 1122 363 1218 losophia
392 1126 430 1194 in
460 1127 748 1217 eisfquaerenda.
805 1123 896 1194 Cum
920 1126 1014 1193 enim
1035 1125 1189 1193 actiones
1232 1127 1419 1198 liosusest.
1470 1124 1561 1194 Nam
1578 1123 1830 1214 Evangelium,
1856 1128 1953 1218 quod
1971 1140 2149 1195 aeternam
2166 1128 2222 1197 iu-

204 1229 389 1320 praccipuc
413 1229 484 1295 sint
502 1226 594 1295 vitae
611 1227 789 1308 rectrices,
815 1249 952 1294 necesse
970 1239 1020 1295 est
1037 1250 1093 1294 eas
1108 1248 1190 1315 par·
1233 1228 1363 1297 stitiam
1386 1227 1520 1312 adfert,
1545 1228 1622 1296 vult
1643 1250 1709 1296 nos
1731 1227 1873 1297 interim
1888 1223 1917 1319 ²)
1943 1225 1981 1293 in
2004 1222 2071 1296 hac
2093 1229 2221 1298 vitain

203 1332 269 1399 tim
283 1353 324 1397 ex
341 1330 517 1415 decalogo,
540 1326 669 1417 partim
686 1351 726 1394 ex
744 1327 821 1395 luce
835 1339 990 1411 naturae,
1018 1351 1106 1419 quae
1127 1328 1190 1393 de·
1233 1329 1375 1421 politica
1394 1329 1556 1399 societate
1574 1328 1711 1412 vivere,
1736 1330 1920 1398 ostendere
1935 1329 2137 1397 testimonia
2154 1352 2222 1398 no-

204 1431 363 1518 calogum
388 1429 555 1518 explicat,
582 1441 682 1496 natas
704 1450 786 1501 esse.
838 1426 914 1496 Hos
937 1431 1051 1498 fontes
1073 1440 1126 1511 et,
1150 1441 1190 1495 ιιι
1233 1444 1324 1500 strae
1353 1429 1604 1513 invocationis,
1645 1443 1678 1498 et
1708 1453 1866 1498 exercere
1890 1428 2005 1497 officia
2028 1432 2222 1499 multarum

202 1532 251 1600 ita
267 1531 403 1612 dicam,
429 1529 742 1598 demonstrationes
758 1530 976 1598 considerare
994 1542 1086 1598 certe
1103 1522 1191 1595 Phi·
1234 1531 1421 1600 virtutum:
1455 1554 1493 1599 ac
1518 1555 1591 1599 non
1615 1531 1730 1599 solum
1752 1555 1825 1599 non
1843 1530 1978 1614 abolet,
2003 1554 2067 1598 nec
2087 1532 2224 1622 impro-

204 1625 366 1722 losophia
394 1643 546 1699 estnon
576 1631 733 1698 insuavis
756 1632 860 1699 bonis
882 1631 1043 1720 ingeniis.
1099 1626 1190 1698 Cum
1234 1633 1295 1701 bat
1316 1633 1428 1701 civilis
1450 1633 1542 1699 vitae
1567 1635 1716 1720 gradus,
1751 1633 1813 1700 sed
1837 1632 1948 1701 multo
1973 1633 2083 1719 magis
2105 1645 2223 1714 ornat,

203 1746 320 1802 autem
349 1727 415 1799 hos
440 1732 555 1800 fontes
577 1732 854 1820 adspexerimus,
886 1745 962 1800 tum
988 1755 1071 1799 vero
1093 1730 1191 1799 iuvat
1235 1758 1340 1826 quam
1354 1733 1427 1801 ulla
1446 1727 1600 1800 humana
1617 1734 1789 1823 sapientia
1805 1739 1931 1801 ornare
1945 1745 2092 1821 poterat.
2143 1728 2223 1850 Λιι-

206 1935 371 2006 severitas
399 1927 578 2004 manserit.
639 1929 756 2002 Attica
786 1936 909 2004 civitas
940 1934 1042 2001 initio
1073 1954 1191 1999 severe
1236 1960 1328 2006 nem.
1386 1930 1434 2002 Et
1456 1959 1670 2052 quamquam
1693 1935 1846 2003 existunt
1869 1934 2000 2002 multae
2023 1912 2224 2003 horrendae

205 2035 348 2126 punivit
369 2034 560 2125 impiorum
581 2036 734 2118 furores,
765 2036 825 2126 qui
848 2035 1107 2125 providentiam
1128 2056 1192 2099 ne-
1236 2035 1490 2106 confusiones
1480 2037 1725 2124 imperiorum,
1756 2057 1841 2126 quas
1863 2036 1919 2101 vel
1943 2034 2125 2120 diabolus,
2159 2035 2222 2127 qni

207 2138 355 2226 gabant,
379 2135 547 2203 libidines
564 2137 670 2203 etiam
689 2136 789 2204 iustis
804 2137 983 2227 suppliciis
998 2129 1191 2203 cohercuit:
1237 2149 1288 2205 est
1302 2131 1592 2228 ἐπιχαιρεκακιις,
1625 2136 1706 2205 odio
1722 2132 1790 2203 Dei
1806 2149 1840 2203 et
1855 2132 2050 2218 Ecclesiae,
2078 2135 2136 2202 vel
2152 2130 2223 2205 hu-

206 2249 343 2328 postea,
375 2237 488 2304 laxata
512 2236 719 2325 disciplina,
754 2251 885 2327 quanta
909 2237 977 2307 fuit
998 2234 1191 2326 petulantia
1236 2262 1341 2306 mana
1357 2237 1578 2305 imbecillitas
1593 2238 1733 2306 excitat:
1766 2248 1903 2318 tamen,
1926 2258 1970 2302 ne
1987 2257 2133 2325 prorsus
2150 2236 2224 2304 dis·

208 2341 393 2408 doctorum
419 2348 453 2404 et
475 2337 700 2405 indoctorum
723 2338 761 2405 in
786 2339 978 2408 deridenda
1001 2335 1192 2427 providen—
1237 2333 1537 2428 sipeturhnmana
1553 2339 1715 2415 societas,
1741 2338 1836 2405 solus
1852 2333 1948 2404 Dens
1964 2335 2087 2418 efficit,
2116 2337 2179 2428 qui
2193 2333 2222 2430 ³)

209 2438 281 2509 tia?
314 2453 446 2530 quanta
473 2438 513 2504 in
538 2438 698 2506 moribus
727 2440 962 2529 plurimorum
988 2436 1194 2528 turpitudo?
1238 2441 1354 2531 aliqua
1384 2452 1496 2506 servat
1521 2453 1555 2508 et
1580 2429 1733 2506 servabif
1754 2433 1930 2504 Ecclesiae
1955 2459 2036 2505 snae
2057 2433 2224 2527 hospitia,

207 2537 298 2610 Cum
314 2551 431 2607 autern
443 2552 575 2608 veteres
591 2539 742 2628 polrtras
768 2540 871 2630 leges,
896 2542 1013 2630 legum
1032 2563 1071 2608 ac
1087 2538 1193 2605 discr
1238 2565 1325 2658 quae
1346 2540 1480 2628 legibus
1503 2554 1537 2608 et
1557 2563 1634 2608 rure
1651 2538 1847 2607 consociata
1863 2538 2038 2620 defendit
2064 2561 2103 2606 ac
2121 2561 2224 2627 prae-

207 2640 332 2758 plinae
355 2639 657 2723 labefactationes,
689 2641 822 2710 excidia
847 2643 990 2711 ιιιιιίιιιιι
1015 2633 1049 2710 ει
1071 2640 1194 2707 ruinas
1238 2641 1340 2731 cipit,
1365 2654 1405 2709 ut
1426 2664 1491 2708 nos
1508 2632 1612 2709 nidos
1626 2661 1802 2721 amemus
1828 2652 1860 2706 et
1874 2637 2011 2726 legibus
2025 2661 2066 2706 ac
2083 2638 2224 2707 tudlcus

207 2741 438 2857 imperiorum
466 2741 747 2825 consideramus,
784 2744 966 2812 manifesta
993 2739 1192 2812 testimonia
1238 2755 1449 2820 reverenter,
1475 2757 1642 2839 tanquam
1663 2739 1803 2808 divinae
1820 2739 1910 2818 voci,
1935 2762 2134 2829 parcamus,
2159 2762 2225 2807 nec

136 2869 139 2877 ·
207 2842 423 2933 praesentiae
444 2839 552 2910 Dei
541 2865 579 2908 m
605 2836 669 2910 hac
690 2843 782 2911 vitae
805 2845 1058 2933 gubernatione
1080 2842 1195 2909 cerni·
1238 2844 1401 2912 ordinem
1433 2843 1524 2925 vitae
1556 2843 1686 2911 nostris
1712 2840 1983 2930 cupiditatibus,
2017 2853 2078 2909 aut
2103 2854 2226 2911 nostra

208 2968 299 3029 mus.
355 2941 438 3011 Non
466 2965 567 3026 casu,
594 2957 657 3011 aut
680 2957 816 3012 tantum
841 2959 984 3036 propter
1007 2966 1193 3032 corporum
1238 2937 1579 3061 πολυπραγμοσύνῃ
1604 2943 1865 3013 conturbemus.
1918 2939 1988 3009 Sed
2008 2943 2051 3008 de
2069 2937 2136 3009 hac
2151 2953 2225 3009 tota

208 3044 447 3113 necessetatem
459 3043 628 3113 confluxit
643 3040 829 3114 ιιοιιιῐιιιιιιι
841 3047 1046 3130 ιιιιιιιὶιιιιιο,
1061 3069 1125 3112 nec
1137 3067 1194 3111 ca
1240 3047 1443 3139 quaestione
1470 3069 1570 3162 saepe
1593 3046 1680 3113 alias
1701 3066 1720 3111 a
1745 3043 1849 3110 nobis
1868 3042 2087 3122 dictumest,
2113 3055 2147 3111 et
2165 3064 2224 3110 ex-

210 3168 252 3214 su
266 3146 411 3213 societas
427 3145 541 3212 crvrhs
555 3147 676 3214 durat
701 3147 762 3213 sed
780 3144 876 3216 Deus
895 3161 929 3216 et
944 3161 1062 3218 coetus
1077 3141 1194 3213 homi
1239 3148 1381 3238 plicatio
1408 3171 1449 3214 ex
1477 3147 1569 3214 veris
1600 3159 1633 3213 et
1653 3143 1765 3212 firmis
1786 3144 2026 3211 fundamentis
2051 3155 2226 3211 exstructa

209 3269 297 3314 num
316 3245 545 3326 consociavit,
571 3260 604 3316 et
622 3260 736 3314 custos
752 3260 802 3314 est
817 3249 926 3317 iustae
944 3248 1135 3329 societatis,
1161 3259 1195 3315 et
1239 3262 1300 3331 est,
1326 3271 1431 3340 quam
1452 3249 1594 3338 quidem
1609 3245 1713 3313 bonis
1730 3258 1763 3312 et
1774 3246 1938 3334 prodesse
1956 3257 1989 3311 ct
2001 3244 2226 3334 profuturam

211 3345 370 3415 crvrtates
385 3370 423 3413 ac
438 3369 599 3436 emperia,
624 3370 704 3413 cnm
721 3347 928 3439 disciplinae
944 3351 1094 3420 tuendae
1112 3372 1193 3416 cura
1239 3372 1312 3419 csse
1334 3373 1407 3417 non
1423 3349 1559 3419 dubito.
1609 3345 1700 3416 Cum
1716 3358 1832 3413 antem
1850 3339 1934 3412 haec
1950 3367 2142 3412 necessaria
2159 3346 2226 3412 do-

211 3447 362 3517 extincta
379 3442 483 3541 est)
506 3443 740 3517 horribilibus
755 3451 920 3540 exemphs
937 3452 1060 3519 evertit
1074 3464 1107 3518 et
1123 3450 1195 3516 dis-
1240 3450 1352 3520 ctrina
1371 3463 1473 3518 antea
1490 3443 1745 3518 monachorum
1763 3447 1928 3515 sordibus
1941 3447 2089 3529 obruta
2120 3467 2225 3535 pror-

211 3549 313 3638 sipat.
365 3547 484 3636 Quod,
509 3573 589 3617 cum
604 3572 824 3619 verissimum
840 3575 878 3619 ac
894 3552 1123 3620 certissimum
1141 3551 1196 3634 sit,
1240 3577 1298 3622 sus
1319 3552 1358 3618 in
1379 3551 1533 3620 tenebris
1554 3548 1716 3632 iacuerit,
1747 3571 1842 3616 nunc
1866 3570 1955 3639 quae
1970 3548 2080 3635 gratia
2094 3545 2226 3614 nostris

210 3650 475 3719 assuefaciamus
495 3651 631 3718 animos
655 3653 699 3718 ad
721 3653 836 3740 legum
852 3654 1126 3745 drscrplrnacque
1140 3675 1196 3719 re
1240 3651 1452 3735 Ecclesiis,
1442 3676 1480 3718 ιιι
1497 3651 1626 3743 quibus
1640 3645 1726 3717 haec
1739 3662 1831 3718 recte
1842 3649 2011 3739 patefacta
2027 3659 2119 3730 sunt
2142 3648 2226 3715 red-

210 3752 423 3834 verentiam,
451 3765 485 3819 et
506 3753 624 3820 frenos
645 3752 1194 3841 cupiditatibusnostr1s1uuc1a
1240 3756 1362 3837 datur,
1386 3753 1556 3821 videmus.
1608 3751 1677 3821 Sed
1703 3751 1870 3819 usitatum
1895 3749 2004 3817 estin
2026 3743 2227 3816 hachomr

210 3875 308 3936 mus,
335 3866 368 3922 et
385 3852 623 3921 moderatione
640 3876 839 3922 animorum
858 3857 1010 3944 primum
1027 3853 1103 3923 Deo
1118 3856 1195 3946 pla
1240 3879 1327 3922 num
1350 3854 1537 3944 pravitate,
1546 3853 1657 3975 quqd
1679 3852 1766 3919 ιιιιιι
1779 3849 1971 3918 Pindarus
1998 3843 2137 3919 παλαιὰ
2151 3843 2228 3946 γὰρ

212 3976 300 4032 cere,
326 3954 455 4021 deinde
470 3967 504 4022 et
520 3977 743 4022 communem
760 3957 918 4039 salutem,
943 3970 1114 4049 quantum
1133 3977 1195 4023 suo
1241 3951 1324 4027 eilde
1335 3948 1510 4049 χάρις’),
1536 3945 1803 4070 ἆιινιιιμονεςιιε
1819 3945 1963 4046 βροτοί.
2007 3947 2087 4019 Ειιι
2104 3964 2226 4019 tamen

211 4054 289 4121 loco
322 4055 470 4146 quisque
500 4067 632 4143 potest,
673 4055 794 4125 iuvare
824 4060 1037 4128 studeamus.
1094 4055 1196 4125 Hanc
1240 4055 1316 4126 Deo
1339 4080 1457 4138 curae,
1490 4078 1535 4122 ue
1553 4055 1680 4122 ventas
1695 4052 1764 4121 ab
1754 4075 1830 4142 rpso
1845 4063 2039 4121 monstrata
2055 4051 2226 4133 deleatur,

188 4154 324 4243 ‘ipsam
345 4150 607 4245 philosophiam
623 4156 660 4222 in
675 4151 732 4223 his
747 4159 943 4227 actionibus
960 4173 995 4227 et
1009 4158 1197 4227 collatione
1242 4183 1330 4226 neve
1360 4157 1502 4274 piorum
1531 4156 1669 4223 labores
1697 4155 1820 4222 inanes
1842 4153 1924 4225 sint.
1982 4151 2086 4221 Nunc
2107 4166 2227 4222 autern

210 4258 363 4324 duarum
379 4250 694 4347 pulcherrimarum
711 4257 903 4342 civitatum
919 4254 1055 4328 Atticae
1073 4274 1107 4328 ct
1121 4257 1198 4330 Ro
1241 4255 1327 4327 haec
1341 4257 1494 4339 rccrtavr
1520 4269 1570 4339 ut,
1596 4281 1658 4348 ιιιιι
1647 4256 1812 4323 discunt
1825 4256 2002 4322 forensem
2019 4253 2228 4338 doctrinam

213 4381 348 4438 manae3
371 4357 475 4426 etiam
488 4381 640 4445 proponi
630 4358 935 4429 animadvertent
950 4361 1109 4439 studiosi,
1136 4360 1196 4452 qui
1241 4357 1327 4428 haec
1349 4359 1549 4474 cogitantes
1559 4382 1633 4426 non
1656 4357 1771 4425 solum
1792 4356 1902 4443 magis
1919 4355 2035 4423 studio
2053 4377 2116 4422 suo
2132 4354 2228 4421 dele-

214 4459 360 4526 consilia
375 4473 532 4527 veterum
548 4459 791 4544 intuebuntur,
818 4488 904 4554 ιιιιι
894 4463 1047 4530 actiones
1064 4464 1110 4530 ιιι
1125 4463 1198 4531 drs
1242 4474 1396 4544 ctentur,
1420 4463 1480 4528 sed
1503 4459 1609 4527 etiarn
1632 4460 1786 4525 referant
1806 4480 1888 4524 suos
1911 4456 2048 4523 labores
2068 4455 2112 4522 ad
2131 4449 2227 4524 hunc

213 4559 426 4632 tribuerunt.
475 4556 647 4629 Existimo
674 4574 807 4647 autem,
831 4578 1000 4632 vetustam
1021 4564 1118 4631 illim
1132 4558 1198 4631 At·
1242 4564 1365 4645 finem,
1390 4575 1448 4644 ιιι,
1473 4579 1552 4630 cum
1567 4570 1755 4647 agnoscent
1768 4557 1912 4648 polrtrca
1927 4557 2039 4624 officia
2055 4552 2131 4623 Deo
2148 4556 2227 4645 pla-

215 4659 303 4728 ticac
327 4660 477 4729 civitatis
491 4656 699 4730 doctrinam
719 4686 738 4730 a
760 4658 882 4754 laphet
901 4678 935 4732 et
952 4688 1026 4733 erus
1044 4664 1126 4732 filus
1140 4688 1198 4731 ac
1243 4687 1337 4744 cere,
1367 4663 1405 4729 in
1428 4617 1493 4730 hac
1516 4685 1578 4728 sna
1600 4659 1725 4727 militia
1749 4659 1782 4726 ei
1808 4657 1973 4729 serviant.
2024 4654 2112 4724 Tibi
2131 4679 2227 4736 vero,

216 4773 369 4849 ceptam,
399 4775 433 4831 et
457 4762 550 4830 inter
565 4763 655 4829 bene
670 4778 825 4833 moratos
840 4777 996 4854 posteros
1013 4789 1198 4833 conserva·
1242 4757 1432 4832 Inachimc
1455 4762 1649 4844 carissime,
1674 4759 1836 4849 inscripsi
1858 4754 1949 4826 hanc
1962 4759 2106 4838 brevem
2120 4769 2153 4825 ct
2169 4756 2226 4823 in-

215 4875 336 4931 temet
354 4877 578 4950 propagatam
596 4886 680 4932 esse.
731 4863 802 4934 Nec
819 4891 920 4949 vero,
943 4867 974 4933 si
989 4867 1122 4935 indocti
1139 4879 1198 4934 aut
1242 4862 1403 4935 choatam
1427 4877 1564 4933 tanturn
1586 4860 1881 4943 lucubrationem,
1906 4873 1948 4927 ut
1963 4881 2080 4926 meum
2096 4879 2177 4945 erga
2193 4869 2229 4926 te

209 4961 280 5030 feri
297 4987 337 5029 ac
353 4962 496 5030 barbari
511 4957 680 5047 homines,
704 4980 763 5034 aut
780 4962 862 5035 haec
876 4983 1116 5051 monumenta,
1138 4979 1198 5035 ant
1241 4968 1397 5037 studium
1411 4990 1492 5034 cum
1506 4963 1590 5043 tibi,
1609 4975 1685 5032 tum
1701 4961 1798 5045 aliis,
1823 4961 2048 5031 declararem.
2100 4957 2150 5028 Ut
2164 4980 2230 5026 au-

214 5064 290 5153 ipsa
308 5063 450 5132 vincula
464 5058 638 5131 humanae
654 5066 827 5135 societatis
842 5083 875 5137 et
891 5068 1097 5158 disciplinae
1112 5092 1197 5136 con·
1241 5082 1312 5138 tcrn
1338 5067 1442 5136 nobis
1471 5078 1610 5154 gratum
1639 5076 1690 5133 est
1718 5062 1838 5132 videre
1859 5061 2014 5152 aliquos,
2046 5058 2109 5152 qui
2132 5069 2228 5127 recta

214 5177 398 5247 temnunt,
432 5165 512 5232 ideo
537 5189 556 5232 a
580 5165 683 5233 nobis
706 5191 845 5262 qnoque
871 5169 1078 5258 negligenda
1105 5182 1196 5240 sunt.

211 5261 373 5356 Cumque
388 5265 478 5334 varii
492 5265 563 5334 sint
576 5251 763 5336 hominnm
777 5270 937 5340 furores
925 5294 964 5339 ιιι
983 5273 1196 5342 conturban-
1274 5342 1302 5409 2>
1274 5340 1353 5394 de
1378 5340 1397 5393 ι
1417 5339 1527 5391 mmm

251 5503 277 5571 ι)
298 5508 351 5569 ιιι]
371 5502 444 5557 addit
456 5503 520 5558 edit.
534 5504 634 5575 attere,
659 5517 685 5561 et
697 5519 779 5562 recte.
874 5458 879 5465 -
1031 5491 1037 5497 ’
1275 5426 1303 5580 ll
1320 5425 1422 5564 ιιιιὲ
1435 5441 1817 5575 ιιιιιιιοιεειιδειαχαριιι-
1834 5497 2230 5574 [οιυιειιΡίυιιῙιιιωΝΙ.
