4882 6436
194 327 273 403 869

200 499 390 625 Q.
1052 516 1111 577 21.
1128 504 1194 569 lan.

1026 597 1196 624 m

582 687 634 773 P.
664 684 821 778 Ebcro.

272 847 370 902 Manlii
389 847 489 968 lamp
506 865 535 918 p.
548 844 635 901 855b.
652 879 688 892 -
722 846 791 902 ltem
812 847 883 900 edita
902 864 917 899 a
937 845 1061 899 Peucero
1081 844 1109 898 in
1127 843 1197 897 Mel.

308 918 393 987 Epist.
408 917 454 971 lib.
481 917 500 971 l.
533 917 607 970 ,132
626 917 701 982 (edit.
711 915 1098 987 Lond.lib.ll.ep.lti.).—
1116 915 1196 984 Apo·

305 987 427 1059 graphan
442 984 470 1038 in
484 985 546 1040 cod.
561 985 646 1039 Goth.
659 987 721 1040 401.
740 1004 767 1058 p.
782 986 808 1040 2.

484 1134 540 1214 D.
567 1132 719 1209 Paulo
755 1135 913 1208 Ebcro

200 1268 248 1360 S·
274 1286 319 1361 D.
376 1284 426 1360 Τὸ
447 1285 582 1381 μέλλον
606 1283 663 1360 dei
684 1283 828 1383 τυφλὸν
845 1283 964 1380 ἕρπει,
992 1286 1111 1379 inquit
1127 1280 1197 1354 Sa

199 1382 360 1486 phoclec
413 1390 532 1479 Quare
548 1393 627 1485 quis
647 1391 692 1460 sit
711 1392 823 1460 exitus
839 1405 908 1459 tam
924 1385 1096 1458 horrendi
1109 1387 1195 1455 belli

200 1492 343 1563 iuturus
373 1495 610 1584 pronunciare
636 1517 711 1561 non
743 1512 948 1582 possumus,
987 1493 1049 1559 sed
1077 1503 1195 1558 tamen

202 1595 363 1688 quisquis
387 1597 452 1664 erit
474 1596 604 1675 exitus,
637 1589 834 1686 Καδμείαν
848 1588 975 1684 νίκην,
1003 1606 1043 1662 ut
1061 1603 1195 1659 veteres

201 1697 384 1780 dicebant,
424 1699 499 1766 sore
523 1711 657 1768 certum
679 1710 742 1769 est.
807 1693 1060 1785 praeparemus
1087 1693 1195 1782 igitur

198 1799 336 1869 animos
353 1801 397 1867 ad
411 1801 574 1869 ferendas
589 1822 647 1867 eas
659 1797 836 1880 miserias,
860 1820 950 1888 quae
967 1796 1060 1864 bella
1076 1795 1194 1863 civilia

774 323 1214 405 EPISTULARUM
1271 326 1378 404 LlB.
1416 327 1463 406 X.
1514 326 1651 408 1⁶47.

2166 336 2244 410 870

1249 501 1335 570 vina
1348 526 1416 571 vox
1441 500 1589 573 testatur'
1612 497 1853 575 humanorum
1878 506 2048 577 scelerum
2067 507 2244 599 multipli-

1249 603 1342 672 cium
1358 627 1490 694 poenas
1506 628 1580 677 esse
1596 607 1701 676 bella.
1754 604 1795 676 ld
1810 630 2062 697 agnoscamus,
2088 622 2122 679 et
2134 611 2246 679 mori-

1249 705 1316 774 bus
1339 707 1534 775 emendatis
1560 709 1804 797 confugiamus
1835 712 1881 779 ad
1903 708 2038 779 Filium
2061 708 2147 794 Dei,
2178 712 2242 805 qui

1248 808 1403 876 servabit
1416 803 1514 877 haud
1530 809 1638 905 dubie
1652 808 2008 902 reliquiasEcclesiae
2025 836 2119 884 suae.
2146 811 2244 882 luter

1249 922 1382 977 caetera
1399 934 1483 978 vero
1499 911 1676 979 bellorum
1692 914 1784 980 mala
1801 908 1869 981 hoc
1883 927 1949 998 est,
1981 910 2243 1009 †maximum''

1249 1013 1343 1102 quod
1360 1010 1543 1080 literarum
1563 1012 1678 1082 studia
1695 1013 1959 1105 impediuntur,
1982 1030 2017 1085 et
2031 1016 2242 1086 discentium

1248 1126 1365 1182 caetus
1379 1114 1614 1203 dissipantur3
1648 1116 1744 1206 quod
1766 1140 1862 1184 nuuc
1877 1118 2016 1187 duabus
2032 1119 2243 1188 florentissi-

1247 1214 1314 1283 mis
1329 1211 1529 1283 rlcademiis
1546 1217 1690 1301 accidit,
1724 1210 1900 1313 lipsicac
1919 1233 1952 1289 et
1970 1235 2124 1292 nostrae.
2176 1216 2257 1289 Est‘

1248 1331 1365 1386 autem
1380 1317 1527 1406 (lignum
1545 1319 1703 1388 bonitate
1719 1320 1877 1389 virorum
1887 1318 2106 1411 Principum,
2119 1316 2243 1391 Scho-

1247 1418 1387 1488 lasticos
1412 1420 1591 1489 exulantes
1616 1421 1774 1510 excipere
1797 1435 1831 1490 et
1854 1424 1958 1495 tueri.
2010 1422 2129 1508 Quare
2146 1419 2242 1492 hunc

1247 1512 1392 1588 Petram
1412 1522 1476 1591 tibi
1491 1524 1720 1613 commendo,
1745 1537 1933 1612 cognatum
1950 1523 2016 1591 viri
2034 1518 2242 1595 honestissi-

1246 1623 1296 1690 mi
1311 1621 1552 1711 Praeceptoris
1567 1624 1619 1692 tui
1628 1616 1675 1716 ⁴⁵).

1348 1722 1457 1794 Mitto
1473 1725 1577 1794 etiam
1593 1725 1837 1794 brevissimam
1847 1728 2111 1797 annotationem
2123 1752 2241 1798 rerum

1248 1825 1286 1893 in
1296 1819 1433 1919 Mysia
1442 1819 1501 1919 **)
1520 1842 1640 1895 nostra
1658 1823 1826 1896 hactenus
1842 1842 2030 1916 gestarum
2060 1828 2149 1898 Nam
2161 1832 2241 1898 lon-

199 1916 426 1973 ⁰⁰¹¹¹¹l³¹¹l¹¹s·
480 1899 555 1969 ¹¹⁰⁰
574 1898 746 1982 elDfflmr
771 1911 1103 1987 ³⁰¹⁰P¹¹¹¹¹¹¹P³¹sem
1117 1893 1195 1966 ΒΟ·
1245 1927 1818 2016 giorcmHistoriamcircumferre
1830 1956 1902 1999 non
1918 1944 1970 2000 est
1985 1945 2115 2004 tutum.
2141 1930 2240 2002 Cou-

184 2002 293 2073 ‘mini
309 2003 423 2072 nostri
439 1997 527 2070 Iesu
544 1993 709 2081 Christi,
736 2022 897 2080 oremus,
922 2014 962 2068 ut
979 2022 1110 2089 poenas
1126 1998 1195 2065 mi-

201 2105 299 2196 tiget.
350 2097 533 2172 Marchio
551 2101 696 2173 Elector
719 2099 804 2171 hinc
828 2097 1107 2191 heri'profectus
1133 2112 1195 2184 est,

199 2220 243 2278 ut
257 2208 301 2277 de
319 2229 403 2299 pace
419 2218 509 2296 agat,
527 2207 588 2273 sed
605 2229 649 2273 ne
665 2206 739 2296 ipse
754 2204 899 2296 quidem
914 2204 1086 2292 sperabat,
1102 2195 1196 2269 Aia-

203 2331 277 2378 cem
301 2312 342 2379 ad
361 2332 481 2399 pacem
498 2307 592 2376 flecti
606 2330 727 2397 posse,
762 2306 824 2397 qui
846 2304 1001 2374 confidat
1015 2301 1050 2397 1)’
1061 2295 1198 2373 Caroli

198 2424 236 2482 et
258 2403 499 2481 Fcrdirrandi
519 2409 670 2483 auxiliis.
722 2401 968 2477 Macedonem
994 2407 1196 2476 existimant

197 2513 272 2584 sibi
289 2513 535 2582 consulturum
551 2534 636 2584 esse.
672 2506 720 2579 Et
734 2512 773 2579 in
785 2507 960 2580 Electoris
974 2508 1095 2577 castris
1112 2531 1195 2598 pro-

200 2615 357 2688 ditiones
374 2625 592 2687 metuuntur.
624 2611 715 2684 Cum
732 2614 840 2703 igitur
855 2624 1012 2680 crescant
1027 2611 1195 2701 pericula,

202 2717 249 2789 sit
264 2716 440 2787 invocatio
457 2713 525 2785 Dei
542 2715 743 2800 ardentior,
778 2726 882 2808 teque
899 2739 961 2783 oro
979 2726 1018 2782 ut
1032 2715 1089 2782 vcl
1104 2738 1194 2805 quo·
1290 2722 1292 2726 ’
1310 2700 1314 2714 ’

1249 2029 1435 2116 iungamus
1458 2044 1574 2100 autem
1596 2045 1698 2113 vota,
1732 2056 1771 2100 ac
1792 2057 1873 2100 vera
1892 2034 2021 2124 pictate
2043 2031 2159 2102 Deum
2181 2058 2239 2102 ae·

1249 2145 1388 2199 ternum
1409 2131 1550 2201 Patrem
1567 2131 1714 2201 Domini
1738 2134 1850 2202 nostri
1868 2133 1946 2203 lesu
1963 2130 2097 2204 Christi
2117 2160 2240 2225 prece-

1247 2257 1346 2317 mur,
1382 2248 1420 2302 ut
1436 2234 1531 2323 piam
1549 2246 1583 2301 et
1600 2235 1787 2303 salutarem
1804 2261 1924 2325 pacem
1940 2229 2167 2305 Germaniae
2182 2262 2240 2306 re-

1247 2334 1380 2406 stituat.
1416 2334 1502 2402 Tibi
1518 2348 1611 2403 certe
1626 2359 1667 2403 ex
1683 2337 1801 2403 animo
1819 2351 1915 2427 opto,
1930 2352 1977 2408 ut
1994 2339 2032 2406 in
2041 2337 2240 2430 Republica

1247 2432 1367 2526 picata
1385 2451 1419 2506 et
1435 2438 1583 2505 llorente
1599 2437 1712 2506 virtus
1728 2452 1787 2507 tua
1804 2440 1961 2530 conspici
1978 2441 2096 2530 possit.
2142 2439 2240 2510 Bene

1247 2538 1336 2606 vale.
1372 2536 1515 2609 Dieaa.
1531 2537 1704 2623 lanuarii,
1732 2537 1839 2610 Anno
1861 2539 1968 2616 1547.
2008 2601 2014 2607 ,

200 2820 290 2890 tidie
306 2822 438 2890 scribas
455 2842 494 2887 ea
510 2842 600 2912 quae
615 2812 719 2887 isthic
733 2818 971 2906 audiesdigna
985 2829 1193 2887 memoratu.
1253 2834 1255 2839 ’

197 2916 379 2992 Bararus
411 2944 517 3014 quem
548 2919 710 2989 misimus
733 2932 776 2990 ut
796 2919 939 3011 publico
963 2917 1035 2987 ritu
1057 2918 1194 2987 vocatio
1304 3000 1313 3020 ι
1436 2999 1445 3020 ⁸

196 3026 279 3096 eius
295 3027 339 3096 ad
352 3022 590 3093 ministerium
598 3020 786 3112 Evangelii
800 3022 1078 3102 confirmaretur,
1101 3043 1195 3089 non-

203 3128 290 3199 dum
323 3127 441 3199 rediit.
496 3122 675 3205 Hessam,
715 3126 986 3214 gubernatorem
1014 3118 1194 3191 Ecclesiae

201 3227 268 3300 Dei
287 3230 325 3297 in
340 3231 428 3300 urbe
449 3223 490 3298 V
489 3222 706 3307 ratislavia,
734 3251 775 3295 ex
790 3221 856 3295 hac
869 3224 1008 3295 mortali
1021 3225 1091 3294 vita
1110 3249 1193 3293 evo-

202 3346 321 3403 catum
338 3355 423 3411 esse,
449 3343 584 3399 certum
602 3342 668 3398 est:
695 3329 799 3396 doleo
818 3341 853 3397 et
868 3323 1054 3406 Ecclesiae,
1083 3341 1116 3396 et
1133 3350 1193 3415 ge-

196 3435 302 3517 ·neri,
326 3447 360 3503 et
375 3432 466 3501 tiliae
482 3456 601 3516 causa;
635 3430 755 3520 generi
766 3430 813 3528 ad
826 3444 861 3499 te
877 3429 1061 3519 epistolam
1081 3431 1193 3500 mitto.

201 3518 444 3603 Camerarius
462 3527 542 3601 heri
554 3557 634 3602 cum
646 3531 813 3623 Principe
823 3523 984 3623 Georgio
998 3526 1083 3601 hinc
1097 3532 1196 3616 abiit,

203 3649 388 3706 secuturus
401 3657 499 3703 suam
515 3633 699 3705 familiam.
751 3632 800 3703 At
814 3656 880 3701 nos
895 3629 980 3702 hinc
997 3634 1058 3702 alii
1074 3635 1197 3702 sitien-

204 3752 257 3810 tes
285 3738 417 3808 ibimus
438 3729 566 3834 AsroS.
618 3733 706 3803 Pars
727 3727 943 3828 Scythiam,
979 3750 1012 3806 et
1037 3737 1196 3805 fortassis

201 3834 359 3911 Baltica
374 3840 492 3910 littora
509 3837 659 3911 adimus.
710 3834 807 3907 Deus
820 3838 984 3930 respiciat
997 3864 1072 3908 uos.
1099 3838 1196 3909 Bene

202 3944 291 4016 vale.
327 3941 394 4012 Die
407 3942 469 4014 21.
484 3939 652 4011 Ianuarii.
679 3938 789 4027 1547,

202 4171 513 4184 —0—0-—00-0-->
521 4172 622 4180 ,ιι-ιο·
635 4170 745 4178 ..ι-...-
758 4172 770 4177 u
779 4171 823 4178 ιο·-
831 4172 842 4177 -ι
850 4169 918 4177 ιιι-ιιι
927 4171 935 4176 -
959 4170 984 4177 n..
999 4171 1004 4176 .
1024 4171 1028 4175 .

201 4319 270 4396 No.
286 4272 400 4394 atta.
468 4429 479 4435 ἡ

140 4458 143 4465 ,
209 4416 383 4446 W

724 4316 739 4328 '
837 4334 897 4396 22.
914 4325 977 4388 lan.
996 4323 1197 4407 (Servesne.)

824 4415 1185 4450 m·

479 4523 587 4613 Ant.
615 4523 672 4608 ab
700 4523 922 4650 Iscnbcrg.

272 4687 465 4760 spectaui.
485 4686 561 4761 pas.
579 4687 660 4759 (eati.
676 4688 874 4744 conantur.
893 4709 936 4762 ep.
950 4689 1022 4758 aa),
1039 4688 1086 4742 uu
1101 4689 1196 4745 resea-

310 4759 400 4811 bitur:
428 4795 446 4826 ‚,
453 4759 556 4812 Comici
566 4757 709 4813 cardam&
745 4760 792 4813 Sic
805 4760 884 4814 etiam
900 4760 1076 4830 apographon
1090 4760 1119 4812 in
1132 4761 1195 4813 cod.

309 4827 393 4882 Gotb.
406 4829 466 4881 401.
486 4847 512 4896 p.
531 4831 572 4882 u.
606 4828 660 4883 Sed
674 4829 848 4901 apographon
863 4829 891 4882 in
907 4831 968 4886 cod.
983 4828 1068 4899 Lang.
1086 4846 1112 4899 p.
1128 4827 1197 4882 lob.

306 4895 385 4949 babet
399 4896 622 4968 inscriptionem:

320 5044 495 5161 (Comiti)
524 5045 734 5121 Antonio
759 5049 816 5143 ab
843 5048 1080 5147 Iseaberg.

199 5184 246 5276 S·
269 5201 314 5283 Ι),
367 5199 501 5296 lnclyte
514 5196 651 5274 Comes.
701 5197 778 5271 Etsi
796 5196 1006 5294 Philosophi
1022 5204 1133 5274 multa
1151 5205 1196 5273 de

202 5307 316 5377 causis
332 5329 395 5375 cur
409 5301 558 5395 imperia
577 5315 760 5373 mutentur
777 5304 981 5396 disputant,
1006 5318 1124 5376 tamen
1139 5306 1195 5374 di-

239 5535 267 5600 n
285 5528 372 5587 atat.
387 5529 516 5599 macte,
534 5526 595 5581 eoa.
611 5523 698 5580 aas.
709 5523 770 5580 tot.
782 5527 910 5596 macer.
1026 5508 1032 5514 “

202 5610 382 5679 limam.
405 5607 509 5674 Oen.
536 5605 619 5671 Ver..
634 5604 692 5670 Vl.
731 5653 735 5656 ⁴

1899 2964 1955 3026 93.
1964 2953 2028 3019 len.
2042 2955 2240 3048 (Servestae.)

1933 3055 2213 3090 ἡ

1598 3141 1655 3223 H.
1684 3137 1889 3227 Besoldo.

1315 3260 1401 3368 apat.
1422 3297 1512 3354 uuv.
1531 3301 1617 3373 pecc
1631 3322 1670 3374 sq.
1690 3332 1724 3346 -
1761 3303 1946 3377 Apographon
1960 3304 1988 3360 tn
2003 3306 2056 3361 eoa
2070 3306 2156 3376 tang.
2175 3324 2200 3378 p.
2213 3307 2240 3364 s.

1246 3447 1532 3550 Hieronymo
1561 3455 1790 3547 Besoldo,
1812 3416 1967 3532 ¹docenti
1986 3458 2137 3557 Evaag.
2159 3457 2242 3536 No-

1655 3560 1835 3657 ribergae.

1247 3680 1292 3774 S.
1313 3703 1358 3776 D.
1407 3703 1624 3780 Charissime
1645 3710 1875 3810 Hieronyme.
1926 3715 2117 3788 Silentium
2141 3730 2242 3786 tuum
2301 3704 2309 3715 ’

1249 3809 1315 3879 etsi
1330 3822 1489 3902 tempora
1506 3829 1684 3900 excusant,
1711 3830 1826 3886 tamen
1845 3819 1993 3888 miratus
2002 3841 2092 3903 sum,
2119 3832 2159 3889 ut
2173 3843 2242 3889 uu-

1248 3936 1312 4005 pcr
1334 3913 1469 4006 scripsi.
1521 3914 1590 3987 Sed
1615 3919 1715 4009 prius
1738 3920 1856 4012 accepi
1876 3921 1995 3990 literas
2016 3934 2114 4004 tuas,
2139 3934 2242 3992 testes

1204 4071 1209 4076 .
1249 4017 1518 4087 benevolentiae
1542 4033 1619 4088 tuae
1638 4044 1717 4109 erga
1736 4046 1822 4106 nos,
1856 4048 1960 4114 quam
1980 4036 2018 4092 tu
2039 4048 2153 4092 meam
2174 4048 2243 4096 κα-

1130 4170 1174 4175 »-
1249 4109 1447 4215 appropias).
1493 4118 1629 4190 Munus
1644 4119 1790 4192 exhibui
1806 4124 1939 4209 Filiae,
1963 4125 2100 4219 tibique
2115 4127 2243 4214 gratias

1250 4243 1327 4310 ago·
1375 4218 1468 4291 Cum
1482 4236 1600 4292 autem
1615 4221 1733 4294 Patria
1747 4240 1780 4296 te
1795 4229 1841 4296 ad
1857 4229 2056 4297 docendum
2077 4224 2180 4323 †et''
2199 4229 2242 4296 in

1251 4318 1379 4393 Schola
1397 4337 1432 4393 et
1446 4325 1484 4391 in
1495 4323 1647 4415 Templo
1661 4329 1796 4399 vocarit
1804 4324 1851 4424 ¹),
1876 4329 2038 4400 annitere
2052 4329 2151 4398 omni
2167 4342 2242 4400 stu-

1251 4424 1330 4509 dio,
1367 4438 1408 4493 ut
1435 4425 1671 4495 ministerium
1703 4427 1870 4501 omnibus
1901 4431 2094 4500 virtutibus
2127 4454 2242 4502 ornes.

1250 4520 1449 4594 Meministi
1466 4540 1565 4597 vetus
1585 4529 1694 4614 illud,
1719 4527 1803 4603 ὅσια
1821 4525 1995 4627 πράττειν
2011 4528 2075 4618 καὶ
2091 4531 2241 4629 εὔφημα

1249 4623 1367 4725 λέγειν
1391 4623 1557 4710 deiende
1579 4627 1886 4731 ἱερουργοῦντας,
1921 4637 1981 4704 sed
1999 4635 2161 4706 coelestia
2184 4638 2241 4706 di-

1247 4744 1301 4799 cta
1319 4733 1358 4798 in
1375 4731 1522 4800 eandem
1541 4735 1750 4804 sententiam
1766 4739 1880 4806 multo
1899 4732 1931 4831 ²)
1952 4738 2173 4830 praecipiunt
2187 4762 2243 4808 sc-

1248 4833 1375 4902 verius.
1426 4827 1541 4904 Acuat
1555 4849 1672 4904 autem
1688 4862 1807 4906 curam
1822 4852 1856 4909 et
1869 4840 2131 4908 solicitudinem
2147 4841 2242 4930 peri-

1248 4934 1319 5003 culi
1333 4935 1552 5024 magnitudo.
1584 4935 1663 5006 Nisi
1672 4939 1829 5010 civitates
1842 4941 2049 5012 retinebunt
2061 4942 2242 5011 doctrinae

1246 5037 1381 5121 lucem,
1406 5060 1528 5105 rursus
1550 5038 1655 5110 erunt
1673 5037 1886 5112 Cimmeriae
1909 5044 2074 5113 tenebrae
2096 5043 2240 5135 ubique.

1242 5291 1247 5298 ’
1280 5277 1310 5347 *)
1329 5278 1408 5331 Petri
1421 5277 1598 5334 Medmarmi.

1280 5360 1327 5429 *ἢ
1347 5363 1440 5430 Mysia
1456 5359 1538 5416 codd.
1552 5358 1636 5418 Goth.
1652 5375 1704 5431 pro
1718 5361 1829 5418 Mania

1283 5449 1310 5513 1)
1329 5444 1412 5506 Saub.
1423 5446 1542 5500 vacarit.

1219 5562 1222 5567 ·
1282 5526 1416 5598 2).Seub.
1431 5530 1533 5590 muita,

1392 5600 1441 5674 24
