4882 6426
195 362 274 449 665
775 347 1206 449 ttrlsrotattuu

198 554 240 623 ut
256 539 295 609 in
310 536 469 609 moribus
481 534 602 625 legum
615 527 759 601 vincula
778 527 927 598 effrenes
946 538 1093 597 naturae
1111 525 1198 595 ode-

202 655 306 724 runt,
338 640 388 710 ita
419 637 549 707 artium
581 644 783 726 praecepta,
815 643 984 721 tanquam
1014 650 1199 709 carcerem,

202 743 309 813 multi
325 740 482 830 lugiunt:
513 750 547 807 et
564 749 604 805 ut
619 733 744 802 iuvita
755 731 939 800 licentiam
954 727 1122 799 omnibus
1137 750 1200 797 cu-

202 841 414 938 piditatibus
434 837 578 908 concedi
597 835 740 912 volunt,
768 833 815 900 ita
831 831 869 898 in
887 829 1136 920 religionibus,
1162 827 1198 894 in

199 936 449 1038 philosophia,
475 940 514 1006 in
535 939 632 1017 foro,
657 947 777 1002 amant
797 932 971 1000 infinitam
992 931 1202 1010 libertatem,

205 1028 441 1138 perniciosam
464 1053 498 1109 et
521 1038 625 1130 ipsis,
650 1047 687 1105 et
702 1031 988 1109 EcclesiaeDei,
1020 1032 1059 1100 in
1081 1032 1203 1098 deien-

79 1138 84 1146 ⁸
180 1218 187 1226 ,
205 1146 333 1218 deudis
356 1167 395 1212 ac
411 1139 614 1209 reiiciendis
631 1134 872 1226 opinionibus.
923 1131 1002 1203 Etsi
1020 1144 1134 1200 autem
1149 1143 1203 1198 ta.

205 1248 258 1316 les
276 1259 423 1314 naturae
440 1240 637 1332 petulantes
652 1259 726 1304 non
740 1247 927 1304 morentur
942 1247 1063 1303 nostra
1080 1232 1203 1300 admo-

206 1347 364 1429 nitione,
396 1365 548 1435 quorum
572 1337 713 1426 ingenia
734 1335 971 1404 moderatiora
995 1345 1097 1416 sunt,
1127 1353 1203 1398 non

166 1446 168 1453 ’
207 1444 400 1518 deserenda
418 1454 511 1511 suut.
561 1436 638 1506 Hos
656 1450 690 1504 et
706 1433 892 1518 adhortor,
919 1449 953 1504 et
968 1446 1112 1526 propter
1125 1433 1204 1522 glo-

206 1547 297 1619 riam
320 1545 385 1615 Dei
415 1567 455 1612 ac
484 1554 629 1632 propter
652 1534 827 1606 Ecclesiae
857 1537 1005 1604 salutem
1036 1536 1204 1613 obtestor,

206 1671 253 1719 ne
270 1643 484 1716 Dialecticen
510 1639 706 1729 negligant,
738 1661 802 1706 nee
826 1638 1041 1727 applaudant
1060 1635 1204 1702 insulsis

207 1746 432 1822 sermonibus
447 1765 588 1825 eorum,
614 1740 677 1834 qui
696 1739 898 1829 vituperant
915 1762 1004 1821 eam,
1028 1749 1062 1804 et
1079 1731 1204 1803 Eccle-

208 1849 280 1921 siae
308 1846 472 1916 iuutilem
503 1865 575 1910 esse
604 1839 798 1909 clamitant.
855 1838 925 1908 Sed
951 1837 1120 1906 credibile
1142 1846 1204 1918 est,

207 1962 290 2021 aute
308 1943 377 2016 hoe
394 1961 532 2035 tempus
548 1926 682 2010 venisse
698 1937 913 2007 Dialecticen
931 1939 967 2005 in
987 1947 1201 2006 contemtum

207 2050 294 2122 etin
311 2047 451 2129 odium,
476 2056 660 2134 propterea
677 2042 772 2133 quod
789 2063 862 2107 non
880 2063 945 2123 ars,
972 2039 1032 2139 sed
1051 2040 1201 2105 obscura
1222 2086 1224 2091 -

206 2151 378 2244 quaedam
405 2144 487 2214 artis
512 2145 656 2226 umbra,
688 2142 908 2219 tradebatur,
943 2140 1014 2207 imo
1040 2138 1202 2230 labyrin-

206 2247 262 2323 thi
276 2246 534 2316 inextricabiles
551 2244 857 2335 proponebantur,
883 2263 971 2333 quos
987 2264 1030 2308 ne
1046 2242 1205 2307 doctores

208 2351 353 2444 quidem
368 2346 629 2434 intelligebant:
657 2354 848 2413 astantum
866 2344 999 2422 aberat,
1026 2353 1066 2409 ut
1083 2339 1203 2407 iuvare

207 2451 385 2540 ingressos
407 2447 446 2513 iu
471 2447 555 2514 alias
577 2458 667 2514 artes
690 2455 851 2534 possent,
881 2455 921 2510 ut
937 2443 1055 2532 potius
1074 2453 1106 2508 et
1123 2438 1204 2507 illa-

208 2569 289 2622 rum
305 2548 523 2636 corruptelae
539 2558 663 2618 essent.
699 2539 775 2632 Ego
788 2566 920 2621 veram,
948 2542 1203 2629 incorruptam,

210 2652 367 2722 nativam
388 2645 622 2729 Dialecticen,
648 2645 786 2736 qualem
811 2656 845 2712 et
866 2645 910 2711 ab
928 2637 1142 2722 Aristotele,
1170 2653 1206 2708 et

211 2752 349 2844 aliquot
362 2748 436 2816 eius
451 2772 525 2815 nou
545 2745 687 2814 insulsis
705 2744 974 2833 interpretibus,
999 2757 1037 2811 ut
1055 2743 1100 2809 ab
1118 2735 1206 2808 Ate-

210 2845 362 2922 xandro
383 2841 665 2944 Aphrodisieosi
679 2859 712 2914 et
727 2840 861 2913 Boetia
874 2844 1079 2934 accepimus,
1104 2865 1207 2930 prae-

213 2953 308 3022 dico.
358 2948 461 3019 Hanc
484 2948 619 3017 affirmo
639 2969 713 3015 non
728 2947 836 3014 modo
854 2946 892 3012 iu
909 2946 986 3013 soro
1006 2945 1094 3012 etin
1111 2942 1207 3011 iudi·

214 3053 295 3135 ciis,
328 3065 387 3121 aut
418 3050 457 3119 iu
489 3042 732 3140 philosophia,
764 3047 823 3115 sed
855 3045 960 3113 etiarn
989 3045 1028 3112 in
1050 3039 1206 3112 Ecclesia

182 3216 185 3225 .
211 3155 315 3222 valde
330 3153 452 3221 utilem
468 3154 552 3221 esse.
588 3144 652 3231 Ae,
676 3159 718 3216 ut
735 3148 778 3216 de
794 3143 950 3216 Ecclesia
965 3169 1061 3213 nunc
1079 3143 1206 3227 dicam,

213 3276 270 3325 res
293 3250 450 3320 ostendit
466 3248 619 3317 inlibris
636 3247 809 3316 divinitus
824 3247 963 3316 traditis
978 3249 1021 3312 de
1037 3243 1136 3327 Deo,
1163 3247 1206 3312 de

212 3353 397 3422 voluntate
411 3349 499 3432 Dei,
524 3350 568 3416 de
592 3348 687 3434 lege,
712 3349 756 3413 de
780 3360 939 3437 peccato,
964 3348 1008 3413 de
1024 3347 1205 3433 evangelio

213 3465 248 3520 et
271 3451 350 3520 aliis
371 3448 496 3517 vicinis
518 3447 605 3517 locis
630 3447 783 3536 proponi
805 3447 1056 3537 amplissimam
1072 3445 1206 3514 doctri-

171 3614 179 3626 .
211 3576 307 3625 nam.
346 3549 387 3619 ln
402 3544 467 3617 hac
482 3548 511 3618 si
531 3550 610 3641 quis
624 3547 716 3617 dicet
730 3542 823 3616 nihil
839 3547 1090 3628 definiendum,
1113 3541 1207 3613 nihil

213 3651 503 3743 distinguendum
519 3670 612 3732 esse,
634 3670 708 3716 non
723 3649 980 3717 ostendendum
995 3668 1068 3715 esse
1082 3646 1207 3716 discri-

212 3776 295 3820 men
321 3751 413 3819 iuter
436 3743 591 3817 humana
613 3748 743 3817 iudicia
766 3761 801 3817 et
817 3747 1006 3817 sententias
1022 3770 1063 3814 er
1079 3771 1206 3817 arcano

213 3853 295 3922 sinu
317 3851 448 3919 aeterni
465 3848 578 3918 Patris
601 3849 755 3938 prolatas
777 3871 882 3938 supra
901 3862 934 3917 et
950 3862 1043 3938 extra
1061 3872 1207 3939 conspe-

213 3967 310 4024 ctum
334 3947 510 4020 humanae
531 3949 677 4029 mentis,
703 3948 874 4015 nerviam
891 3961 953 4017 aut
966 3949 1127 4016 ordinem
1143 3952 1206 4017 ad-

100 4084 103 4091 ·
212 4049 412 4122 hibendum
435 4072 507 4117 esse
527 4050 566 4116 in
588 4048 839 4139 explicatione,
865 4043 932 4116 hoc
953 4072 1034 4117 vere
1055 4049 1140 4133 erit,
1168 4062 1209 4118 ut

212 4153 364 4230 dicitur,
397 4161 471 4219 toto
494 4151 592 4218 coelo
616 4173 744 4221 errare.
803 4146 879 4223 lmo
902 4145 1094 4217 Dialectica
1119 4173 1208 4240 opus

215 4266 284 4336 est,
320 4274 395 4321 non
429 4249 543 4319 solum
571 4263 610 4321 ut
635 4251 795 4320 doctrina
821 4249 937 4319 luceru
964 4244 1108 4333 habeat,
1147 4253 1208 4320 sed

214 4354 324 4424 etiam
339 4365 393 4421 ·ut
418 4351 464 4420 sit
486 4350 695 4419 concordiae
722 4351 917 4424 vinculum,
975 4347 1023 4420 Ut
1042 4351 1139 4430 enim
1164 4352 1210 4423 sit

212 4479 285 4527 una
307 4466 341 4522 et
362 4452 584 4521 consentiens
598 4474 666 4519 vor
682 4452 906 4535 docentium,
933 4475 1072 4521 necesse
1089 4466 1142 4523 est
1156 4467 1209 4523 te-

213 4578 297 4625 nere
326 4552 507 4622 doctrinae
538 4573 711 4619 summam
740 4551 913 4620 inclusam
939 4552 1068 4622 artium
1092 4554 1210 4642 septis,

212 4655 357 4746 proprio
383 4675 544 4721 sermone
569 4665 603 4721 et
622 4651 746 4720 ordine
768 4646 1069 4741 comprehensam.
1119 4652 1209 4723 Nam

212 4780 293 4825 cum
317 4749 373 4822 his
396 4752 571 4842 repagulis
588 4752 716 4821 artium
734 4752 884 4822 effractis
899 4753 1060 4822 doctrina
1074 4753 1210 4842 impro-

141 4904 144 4919 .
211 4857 291 4947 prio
321 4875 501 4935 sermone,
536 4852 611 4919 sine
641 4852 785 4937 ordine,
823 4852 901 4921 sine
931 4853 1211 4941 definitionibus,

213 4959 289 5027 sine
306 4952 595 5023 distinctionibus
609 4953 796 5042 spargitur,
823 4952 1131 5046 discordias'sequi
1145 4980 1209 5025 ne-

214 5079 306 5128 cesse
322 5068 385 5138 est,
411 5077 491 5121 cum
508 5053 636 5121 dietata
652 5053 713 5120 alii
729 5054 831 5124 aliter
846 5067 880 5122 et
893 5054 1071 5144 accipiant.
1080 5068 1114 5124 et
1129 5058 1209 5126 red-

215 5159 313 5229 dant.
361 5152 536 5237 ⁴Retineri
563 5174 644 5243 crgo
666 5152 880 5223 Dialectieen
904 5154 944 5221 in
966 5150 1122 5225 Ecclesia
1145 5183 1210 5228 ne-

216 5281 308 5328 cesse
344 5269 410 5323 est:
454 5259 515 5323 sed
550 5254 601 5323 sitv
628 5254 785 5337 erudita,
826 5257 1055 5335 verecunda,
1080 5261 1209 5345 gravis,

216 5379 337 5428 amans
352 5354 520 5437 veritatis,
543 5353 679 5422 nonsit
696 5353 847 5441 garrula,
869 5378 943 5423 non
959 5356 1116 5442 rixatrix,
1135 5384 1210 5429 non

216 5455 482 5549 praestigiatrix.
533 5453 606 5523 Nec
622 5455 862 5525 deterreamur
876 5478 895 5524 a
909 5451 1121 5529 Dialecticae
1136 5475 1209 5532 stu·

1256 283 1441 439 uurr
1492 348 1624 429 rste.
2172 297 2285 433 ase

1252 526 1313 597 dio
1330 539 1528 617 propterea,
1554 528 1651 620 quod
1664 525 1880 619 seripserunt
1893 521 2015 619 aliqui,
2037 519 2259 600 Dialectieae

1252 627 1361 696 armis
1382 628 1566 698 veritatem
1583 651 1602 696 a
1617 651 1806 720 pravorum
1823 630 2026 716 dogmatum
2047 631 2253 709 auctoribus

1252 728 1494 798 labefactatam
1521 751 1609 798 esse:
1650 724 1736 798 baec
1758 729 1852 797 enim
1877 742 2024 797 nonest
2049 731 2150 811 artis,
2185 733 2250 799 sed

1252 830 1427 897 malorum
1445 831 1666 916 ingeniorum
1685 844 1717 897 et
1735 854 1863 918 pravae
1880 830 2114 899 institutionis
2128 856 2246 919 repre-

1253 926 1390 1002 hensio.
1441 929 1514 1009 Sit,
1540 931 1633 999 utin
1650 930 1728 999 aliis
1745 931 1871 999 studiis
1887 945 2011 999 natura
2030 946 2124 998 recta
2140 945 2174 1001 et
2191 957 2253 1000 ve-

1253 1031 1367 1100 ritatis
1391 1053 1512 1098 amans
1534 1043 1569 1101 et
1592 1045 1702 1101 artem
1724 1032 1841 1099 sobrie
1854 1031 1983 1110 discat,
2010 1055 2160 1123 eamque
2176 1057 2253 1102 mo·

1254 1134 1349 1200 deste
1366 1144 1400 1199 et
1414 1130 1567 1220 graviter
1582 1133 1625 1201 ad
1643 1132 1910 1225 inquisitionem
1927 1145 1961 1200 et
1976 1131 2254 1202 illustrationem

1255 1232 1411 1301 veritatis
1426 1228 1606 1303 adhibeat:
1634 1257 1708 1301 non
1724 1228 2148 1322 exerceatursophistica,
2176 1257 2251 1304 non

1255 1346 1417 1402 amentur
1433 1335 1611 1422 captiones
1625 1348 1658 1404 et
1675 1333 1899 1425 praestigiae,
1925 1345 1965 1401 ut
1981 1334 2111 1403 miritae
2126 1358 2254 1425 pravae

1254 1448 1401 1502 naturae
1431 1434 1564 1502 similes
1590 1431 1776 1529 Autolyci,
1816 1429 1980 1527 Sisyphi,
2012 1431 2190 1529 Eurybati
2217 1446 2253 1507 et

1255 1535 1406 1605 aliorum
1430 1533 1663 1626 impostorum
1686 1535 1906 1605 delectantur
1929 1534 2023 1603 ludis
2045 1537 2253 1626 captionum

1255 1649 1289 1704 et
1304 1635 1502 1711 calumniis.
1542 1633 1590 1705 Et
1603 1631 1732 1704 horum
1751 1636 1884 1704 similes
1900 1635 2006 1703 fuisse
2019 1647 2051 1703 et
2065 1660 2139 1706 esse
2156 1638 2256 1706 mul-

1255 1751 1308 1805 tos
1330 1737 1506 1805 malorum
1529 1739 1733 1825 dogmatum
1754 1759 1964 1826 mangones,
1995 1749 2034 1806 ut
2055 1738 2103 1807 ita
2119 1738 2254 1823 dicam,

1255 1837 1338 1907 satis
1360 1850 1524 1927 apparet,
1558 1841 1621 1931 qui
1642 1863 1863 1932 nequaquam
1880 1837 2063 1907 Dialectici
2084 1853 2168 1909 sunt
2189 1852 2255 1910 aut

1257 1940 1417 2018 bierunt,
1440 1940 1498 2006 sed
1525 1941 1642 2027 potius
1666 1934 1853 2030 Sophistae
1877 1964 1940 2008 seu
1963 1938 2191 2029 impostores,
2217 1952 2254 2010 et

1255 2063 1330 2106 non
1354 2039 1469 2106 solum
1492 2039 1642 2108 aliarum
1664 2041 1926 2124 doctrinarum,
1952 2042 2012 2108 sed
2037 2040 2141 2109 etiam
2164 2037 2252 2109 Dia-

1255 2139 1397 2207 lecticae
1420 2142 1677 2229 depravatores.
1739 2141 1790 2212 Ut
1813 2165 2041 2210 numerorum
2066 2142 2194 2212 notitia
2217 2155 2252 2214 et

1256 2243 1390 2307 «tonum
1408 2238 1474 2308 Dei
1498 2241 1621 2330 ingens
1643 2254 1714 2324 est,
1740 2255 1774 2312 et
1795 2244 1898 2311 valde
1919 2242 2110 2311 necessaria
2135 2236 2253 2311 homi-

1256 2366 1343 2408 num
1357 2341 1466 2409 vitae:
1490 2341 1539 2410 ita
1554 2366 1672 2412 veram
1689 2344 1840 2413 docendi
1856 2358 1889 2413 et
1905 2343 2143 2413 ratiocinandi
2160 2345 2251 2414 viam

1257 2441 1406 2511 sciamus
1421 2440 1489 2510 Dei
1504 2445 1637 2512 donrtm
1657 2468 1742 2529 esse,
1769 2458 1802 2513 et
1818 2445 1856 2512 in
1871 2446 2078 2534 exponenda
2092 2445 2253 2517 doctrina

1257 2543 1397 2611 coelesti
1423 2557 1456 2612 et
1480 2544 1712 2635 inquisitione
1735 2547 1892 2616 veritatis
1912 2547 1949 2612 in
1971 2546 2049 2614 aliis
2068 2547 2174 2615 rebus
2189 2572 2252 2617 ne-

1257 2644 1451 2713 eessariam.
1504 2643 1588 2714 ldeo
1605 2658 1640 2716 et
1653 2645 1802 2727 Paulus,
1830 2672 1909 2716 cum
1925 2647 2022 2715 iubet
2036 2647 2075 2715 in
2093 2650 2249 2719 docendo

1257 2760 1350 2814 recte
1374 2746 1499 2834 partiri
1515 2769 1713 2817 sermonem
1732 2748 1916 2817 coelestem
1933 2769 1994 2817 seu
2013 2744 2250 2842 ὄρθπομεῖν,

1257 2860 1297 2915 ut
1326 2844 1400 2937 ipse
1425 2847 1603 2938 loquitur,
1636 2849 1791 2939 postulat
1820 2864 1913 2917 certe
1941 2845 2104 2919 adhiberi
2132 2876 2251 2921 curam

1258 2946 1484 3017 discernendi
1502 2951 1661 3018 membra
1677 2951 1857 3019 doetrinae
1873 2951 2030 3035 diversa,
2055 2966 2096 3022 ut
2110 2950 2251 3042 Legem,

1258 3043 1514 3136 Evangelium,
1546 3045 1834 3142 Philosophiam,
1867 3049 2053 3122 Politicam
2079 3054 2252 3142 guberna·

1258 3147 1390 3216 tionem
1413 3163 1447 3220 et
1468 3150 1537 3218 alia
1556 3152 1678 3224 multa.
1731 3151 1842 3245 ldque
1860 3155 2009 3222 verbum
2027 3149 2252 3248 ὀρθοτομεῖν

1259 3273 1276 3315 a
1300 3249 1371 3317 ritu
1396 3251 1647 3320 sacrificiorum
1670 3267 1828 3323 sumtum
1850 3278 1924 3322 esse
1951 3272 2105 3346 apparet.
2171 3256 2251 3328 Nou

1258 3349 1353 3417 euim
1374 3349 1503 3421 licebat
1523 3351 1747 3423 victimarum
1772 3378 1895 3424 carnes
1919 3380 2062 3449 quoquo
2078 3359 2185 3428 modo
2201 3359 2252 3427 la-

1258 3450 1389 3534 cerari,
1414 3452 1472 3520 sed
1492 3465 1604 3521 certae
1623 3466 1738 3545 partes
1753 3451 1829 3524 Deo
1843 3461 2050 3527 eremandae
2069 3474 2189 3542 erant,
2215 3474 2251 3532 ut

1258 3553 1383 3641 adeps,
1409 3552 1544 3637 lumbi,
1569 3568 1604 3624 et
1620 3557 1748 3624 cauda:
1775 3571 1888 3625 certae
1905 3572 2005 3629 erant
2021 3562 2251 3646 sacerdotum,

1259 3666 1298 3721 ut
1322 3666 1442 3740 pectus
1465 3667 1499 3724 et
1519 3649 1648 3728 harmi.
1698 3652 1787 3726 Erat
1799 3658 1909 3747 igitur
1925 3683 1981 3728 ars
1998 3661 2127 3750 partiri
2145 3662 2250 3732 memss

1259 3754 1343 3834 bra,
1368 3754 1451 3845 quia
1477 3754 1590 3825 voluit
1604 3753 1700 3825 Deus
1725 3751 1810 3827 baec
1826 3758 1900 3849 ipsa
1918 3761 2082 3830 exercitia
2096 3787 2250 3833 commo·

1259 3853 1474 3923 nesactiones
1506 3879 1578 3926 esse
1606 3857 1650 3924 de
1675 3858 1781 3926 rebus
1805 3860 2012 3934 maioribus.
2070 3860 2199 3935 Pectus
2219 3879 2250 3936 et

1260 3948 1404 4023 bannos
1424 3957 1665 4027 sacerdotibus
1688 3958 1870 4044 attribuit,
1896 3985 1969 4030 non
1984 3964 2100 4033 solum
2118 3967 2201 4059 quia
2213 3990 2248 4036 ea

1260 4055 1435 4139 membra,
1461 4080 1542 4125 cum
1562 4058 1643 4147 plus
1669 4060 1784 4128 caruis
1804 4056 1974 4147 habeant,
1999 4078 2033 4133 et
2048 4068 2162 4155 magis
2175 4062 2247 4140 tho-

1259 4178 1337 4223 rosa
1362 4170 1465 4237 sunt,
1498 4158 1578 4247 plus
1601 4158 1672 4226 cibi
1695 4164 1942 4252 suppeditant,
1969 4167 2030 4234 sed
2048 4167 2156 4238 etiem
2171 4169 2246 4262 quis

1260 4268 1380 4345 peetus
1396 4258 1567 4345 significat
1582 4260 1812 4350 sapientiam,
1841 4259 1958 4333 harmi
1976 4266 2129 4343 baiulus.
2177 4269 2247 4341 An·

1260 4356 1420 4427 tecellere
1444 4373 1561 4428 autem
1583 4365 1778 4433 sacerdotes
1801 4366 2002 4437 eruditione
2023 4381 2061 4438 et
2084 4370 2246 4462 sapientia

1259 4471 1418 4548 oportet,
1449 4473 1484 4530 et
1513 4461 1640 4550 iugens
1666 4487 1757 4533 onus
1781 4466 2048 4555 gubernationis
2068 4476 2245 4565 praecipue

1260 4559 1443 4633 sustinere.
1494 4559 1615 4631 Cauda
1631 4563 1706 4633 Deo
1724 4569 1963 4653 cremabatur,
1988 4583 2028 4639 ut
2040 4572 2245 4662 signiticare-

1260 4672 1319 4728 tur
1342 4663 1385 4727 ad
1408 4655 1504 4730 hunc
1523 4663 1629 4732 finem
1645 4689 1768 4737 omues
1786 4668 1941 4740 actiones
1958 4671 2161 4744 referendas
2173 4699 2244 4759 esse,

1259 4773 1300 4829 ut
1316 4759 1411 4829 Deus
1425 4763 1671 4840 celebraretur.
1710 4765 1780 4838 Sed
1798 4771 1923 4840 omitto
1936 4772 2136 4861 longiorem
2153 4800 2245 4847 euar-

1260 4860 1432 4930 rationem
1451 4858 1556 4933 huius
1574 4866 1672 4940 ritus.
1718 4866 1816 4939 Haec
1829 4872 1926 4940 enim
1942 4898 1984 4947 eo
2001 4888 2142 4946 tantum
2158 4901 2245 4948 corn-

1260 4962 1473 5048 memoravi,
1511 4978 1550 5033 ut
1579 4969 1622 5034 de
1645 4967 1796 5040 Paulino
1822 4975 1930 5042 verbo
1954 4970 2201 5069 ὀρθοτομεῖν,
2227 5001 2245 5047 a

1259 5062 1438 5133 sacrificiis
1455 5080 1583 5146 sumto,
1609 5069 1767 5141 iuniores
1782 5075 2021 5150 admonerem.
2073 5078 2124 5150 Ut
2139 5095 2247 5152 autem

1260 5156 1396 5232 hostiae
1410 5177 1504 5235 certo
1520 5169 1628 5238 modo
1642 5174 1811 5243 secandae
1824 5191 1944 5261 eraut,
1969 5177 2019 5248 ita
2032 5194 2131 5252 certa
2146 5182 2247 5254 ratio·

1260 5287 1304 5330 ne
1329 5266 1524 5335 sententiae
1546 5270 1710 5341 coelestes
1732 5274 1999 5349 distribuendae
2020 5294 2126 5364 suut,
2154 5282 2247 5355 euius

1260 5363 1312 5431 rei
1346 5364 1402 5433 via
1435 5390 1514 5435 cum
1541 5368 1580 5436 iu
1607 5372 1680 5440 sola
1702 5369 1894 5447 Dialectica
1916 5381 2060 5471 proprie
2085 5386 2249 5465 tradatur,

1262 5460 1346 5535 beree
1375 5489 1431 5537 ars
1455 5483 1623 5562 tanquam
1645 5473 1758 5545 culter
1778 5471 1886 5549 huius
1906 5480 2111 5572 partitionis
2135 5484 2250 5559 existi·
