4882 6426
224 305 300 382 509
820 300 1258 378 urrsrouauuu
1314 303 1423 422 ιιο.
1447 306 1493 381 ιι
1546 307 1679 385 ιοιι.
2095 276 2105 353 '-
2190 307 2267 383 ste

225 502 301 567 gam
324 475 459 543 mittere
478 477 646 565 potueris.
696 473 752 545 Ex
769 469 966 547 Ioocdimo
980 477 1160 559 intellexi,
1187 491 1221 546 te
1270 475 1334 547 No.
1352 474 1464 551 3854.
1508 474 1513 481 ’
2111 482 2263 564 25.Apr.

223 573 450 650 Rocblicium
484 593 564 647 ante
598 578 819 648 obsidionem
853 580 1072 652 concessisse.
1138 578 1240 666 Quo
1275 573 1446 602 *Ν
2100 576 2263 602 ““’”““’

224 692 381 770 tempore
396 674 611 750 Ioachimus
633 683 726 771 apud
748 677 918 751 Ascanius
938 681 1116 772 principes
1140 681 1216 750 luit.
1699 653 1752 738 N·
1778 652 1832 737 Ν·

222 780 351 850 Postea
374 806 455 849 curn
478 784 612 850 familia
632 806 693 851 sua
715 781 900 851 Franciam
925 784 1077 875 yicinam
1101 783 1219 874 profe-
1337 813 1416 883 με,
1435 829 1528 883 2903„
1549 811 1611 866 cod.
1632 809 1727 882 tangit
1745 831 1771 883 ρ,
1787 807 1856 870 los,
1893 809 1973 866 ew
1992 809 2102 883 epistota
2122 808 2150 863 t„
2167 809 2261 864 codice

186 914 189 921 ¹
221 897 298 952 ctus
313 897 381 965 est,
408 882 658 972 Norimbergae
676 884 896 976 aliquamdiu
913 907 1112 956 mansurus.
1152 872 1219 950 Ci-
1366 881 1554 954 inscriptione.

219 982 502 1080 glerumaudivi
527 987 619 1075 apud
643 986 767 1054 fratem
790 986 921 1054 essein
943 984 1073 1079 Mysia.
1122 985 1217 1054 Scito
1699 1031 1742 1111 N
1775 1032 1818 1109 N

221 1091 259 1155 in
278 1086 466 1156 Academia
481 1080 783 1179 Regiomonlana
807 1086 846 1154 in
861 1084 1003 1156 Prussia
1021 1082 1136 1155 adhuc
1156 1088 1217 1154 de·
1680 1044 1701 1131 i
1741 1092 1750 1112 ⁶
1817 1039 1848 1129 ⁴)

221 1189 368 1258 siderari
398 1189 562 1257 lectorem
586 1184 845 1278 theologicum,
879 1190 1014 1282 tibique
1037 1189 1153 1257 locum
1179 1188 1217 1255 in
1265 1169 1484 1260 Reverende
1499 1187 1604 1258 viret
1620 1190 1731 1257 amice
1747 1186 1959 1259 charissime.
2006 1186 2076 1259 Hic
2093 1183 2261 1257 honestus

220 1314 259 1360 ea
275 1285 464 1359 Acetdemia
483 1285 671 1360 honestum
688 1292 761 1360 esse
779 1314 889 1380 posse,
906 1293 935 1360 si
951 1291 1094 1381 expetis,
1111 1314 1215 1381 quem
1265 1293 1338 1370 vir,
1363 1288 1504 1360 Honos
1529 1285 1708 1375 Ammon,
1734 1288 1916 1385 Cygneus,
1946 1287 2176 1360 honestorum
2197 1311 2261 1356 ne·
2296 1288 2304 1304 '

221 1394 336 1463 locum
361 1405 394 1460 et
417 1385 635 1460 Ioocltimus
658 1388 741 1462 hinc
765 1393 888 1461 abiens
911 1393 980 1461 sihi
999 1392 1130 1461 servari
1153 1417 1216 1459 vo·
1265 1395 1445 1483 gociorum
1470 1416 1572 1462 causa
1594 1393 1749 1462 decrevit
1771 1394 1810 1460 in
1831 1394 1954 1462 urbem
1984 1388 2027 1462 V
2023 1387 2260 1460 ratislaviam

221 1496 297 1566 luit.
348 1491 396 1562 Et
416 1516 479 1582 ego
503 1496 654 1564 libenter
668 1498 714 1563 ad
729 1492 930 1584 Principem
945 1489 1086 1561 Ducem
1100 1484 1217 1561 Prus—
1266 1495 1447 1586 proficisci.
1504 1494 1554 1565 Ut
1580 1494 1631 1563 ibi
1659 1507 1692 1563 et
1712 1509 1902 1585 patronum
1924 1494 2077 1587 aliquem
2105 1487 2261 1576 haberet,

219 1595 298 1664 siue
320 1598 362 1663 de
387 1610 421 1664 te
444 1597 607 1665 scribam.
660 1593 828 1665 Arbitror
844 1609 877 1664 te
897 1618 996 1686 posse
1014 1619 1109 1664 nunc
1127 1620 1216 1687 quo·
1266 1598 1382 1666 literas
1396 1597 1428 1664 ei
1444 1598 1488 1666 ad
1506 1611 1540 1666 te
1552 1597 1654 1681 dedi,
1674 1609 1777 1687 teque
1794 1620 1875 1680 oro,
1896 1610 1935 1664 ut
1951 1607 2109 1664 amanter
2123 1617 2202 1663 eum
2215 1592 2259 1660 iis

219 1722 286 1790 que
307 1693 376 1766 huc
400 1700 442 1766 ad
462 1722 527 1766 nos
542 1722 743 1780 excurrere,
774 1720 813 1766 ac
829 1720 946 1766 coram
964 1699 1007 1765 de
1024 1697 1145 1766 multis
1160 1717 1216 1763 re·
1264 1700 1401 1767 civibus
1422 1699 1667 1781 commendes,
1692 1721 1842 1788 quorum
1866 1697 1899 1765 ei
1923 1697 2048 1767 notitia
2071 1720 2163 1786 opus
2182 1694 2260 1777 erit,

218 1802 283 1867 bus
310 1800 506 1888 copiosium
538 1795 601 1870 καὶ
634 1796 863 1893 σαφέστερον
894 1799 990 1889 loqui
1023 1822 1216 1888 possemus.
1264 1800 1503 1882 videlicetiis‚
1524 1799 1587 1891 qui
1602 1822 1739 1889 pannos
1752 1799 1900 1867 mercari
1915 1812 1949 1867 et
1963 1800 2119 1866 vendere
2133 1796 2260 1870 solenti

217 1901 299 1969 blaa
326 1901 395 1967 lilia
415 1897 525 1968 Anno
549 1901 679 1970 coniux
697 1896 836 1968 Sabini
857 1900 894 1968 iu
914 1898 1053 1969 Prussia
1074 1913 1216 1968 mortua
1262 1899 1399 1970 Harum
1430 1901 1616 1992 regionum
1646 1900 1866 1969 tristissimae
1895 1900 2110 1970 calamitates
2130 1898 2259 1979 multos

216 2105 260 2172 tis
278 2126 356 2189 erga
376 2102 489 2171 Deum
509 2119 541 2174 et
558 2126 636 2190 erga
654 2105 832 2172 maritum.
869 2099 964 2170 Mihi
978 2103 1061 2173 satis
1078 2103 1214 2172 tristem
1262 2118 1352 2173 rant.
1406 2100 1545 2172 Adiuva
1566 2103 1675 2190 igitur
1696 2126 1781 2186 nos,
1810 2115 1843 2171 et
1865 2127 1946 2172 cum
1966 2104 2036 2174 tuis
2052 2101 2259 2193 parentibus

215 2205 421 2274 memoriam
440 2206 584 2297 reliquit
601 2228 743 2272 suarum
763 2204 1012 2276 calamitatum.
1051 2203 1120 2274 Sed
1139 2204 1214 2295 pri·
1262 2230 1300 2274 ac
1322 2205 1507 2274 nobiscum
1529 2218 1627 2273 orato
1643 2203 1778 2288 Deum,
1803 2217 1843 2272 ut
1857 2228 1977 2295 pacem
1995 2219 2028 2274 et
2042 2200 2209 2274 Ecclesiis
2223 2214 2258 2272 et

215 2321 333 2376 vatum
360 2305 519 2373 dolorem
552 2317 695 2395 superat
728 2306 923 2389 moestitia,
964 2330 1032 2398 qua
1068 2306 1214 2375 adficior
1262 2303 1417 2376 honestis
1436 2301 1642 2376 hominibus
1658 2306 1832 2375 restituat.
1872 2303 2074 2378 Benevale.
2115 2302 2182 2373 Die
2195 2298 2258 2377 26.

213 2421 358 2500 propter
384 2407 649 2496 rempublicam.
700 2402 810 2494 Erigo
836 2419 953 2475 tamen
978 2431 1034 2475 me
1050 2409 1213 2476 consola-
1260 2406 1397 2502 Aprilis
1416 2404 1525 2482 1547.

214 2510 369 2579 tionibus
408 2509 583 2579 divinitus
620 2509 770 2591 traditis.
841 2505 977 2598 Regem
1020 2504 1211 2599 Anglicum
2062 2503 2129 2579 Pb.
2153 2503 2206 2575 M.

212 2607 413 2683 Henn'cum
434 2611 538 2679 etiam
558 2624 735 2680 mortuum
757 2631 830 2678 esse
847 2624 982 2680 certum
999 2624 1061 2682 est.
1114 2607 1211 2678 Bene

212 2716 287 2783 vale
303 2728 337 2782 et
351 2713 521 2794 rescribe,
548 2727 609 2781 aut
623 2707 692 2780 huc
709 2711 838 2778 venite.

312 2815 498 2883 Familiam
518 2828 612 2884 tuam
629 2813 734 2881 etiarn
752 2807 822 2880 huc
836 2812 1007 2881 collocare
1024 2814 1144 2904 possis.
1257 2847 1323 2920 No.
1349 2843 1449 2920 5855
2083 2850 2140 2918 25⁸
2157 2847 2237 2930 Ape.

209 2912 276 2987 Die
295 2915 456 3006 Georgii.
1262 2902 1476 2982 υνκῷ
2077 2939 2249 2970 νυν

872 3011 1004 3107 Philip.
1023 3014 1157 3084 Melan.
1461 3028 1706 3116 Eberusad
1720 3029 2053 3114 Melontbonem.

213 3225 254 3234 ..ψ
279 3227 284 3230 >
299 3225 306 3232 -
320 3225 443 3233 -----
453 3221 1204 3235 -‹---—·-2··----—«—---—-——-
1324 3199 1345 3260 ᾗ
1362 3193 1400 3248 Er
1413 3197 1580 3271 autographo
1594 3193 1676 3250 uteri
1686 3193 1716 3247 in
1731 3192 1892 3250 eod.Gost.
1905 3191 1966 3248 tet.
1981 3208 2026 3264 ep·
2039 3188 2086 3244 98·

206 3349 409 3469 No.3853.
1029 3357 1201 3477 Q
1257 3347 1424 3436 (Paulus
1454 3351 1602 3427 Eberus
1629 3347 1689 3423 ad
1732 3330 2008 3450 Philippum
2056 3342 2254 3419 Melen-

188 3448 425 3524 .“’Υ“”
1641 3450 1855 3546 lironem.)
1955 3536 1964 3549 .

495 3550 686 3631 Iohanni
704 3554 918 3636 ministro.

1255 3582 1298 3671 S.
1327 3599 1373 3674 D.
1422 3598 1635 3692 Experimur
1658 3626 1785 3693 magno
1808 3629 1890 3673 cum
1906 3617 2030 3673 nostro
2044 3601 2163 3685 malo,
2191 3623 2252 3668 ve-

269 3712 360 3782 spae
375 3709 422 3763 us.
438 3709 474 3763 ιι.
490 3727 518 3779 p.
532 3708 592 3762 ses.
611 3709 666 3776 (ea.
679 3709 767 3762 uma.
787 3710 835 3765 aa.
851 3710 886 3764 ιι.
903 3727 945 3779 «μ
958 3711 1048 3781 ιο).
1254 3704 1433 3772 tissimum
1447 3727 1521 3773 esse
1535 3705 1631 3796 quod
1648 3718 1750 3794 poeta
1769 3705 1874 3774 dixit:

539 3881 547 3899 .
630 3882 636 3897 .
671 3881 677 3898 .
960 3881 967 3899 .
1014 3882 1023 3900 .
1338 3830 1448 3892 Omnia
1471 3841 1543 3893 stant
1565 3830 1721 3895 bominmn
1744 3829 1826 3893 muni
1851 3829 2011 3910 prudentia
2032 3829 2096 3908 ilo,

213 3970 219 3977 .
331 3878 543 3953 I⁰h⁰l²n²
570 3878 753 3952 Mm's‘ffl
769 3877 1081 3975 .⁸“⁰fid⁶l¹⁸⁸²m⁰
1333 3917 1375 3977 Et
1396 3916 1499 3980 subito
1521 3936 1697 3998 coaequae
1719 3918 1843 3982 valuere
1866 3928 1969 3981 ruunt.

201 4020 248 4115 S.
273 4031 320 4111 D.
371 4027 767 4111 Charissimeloanue‚
794 4031 917 4102 Toties
937 4056 975 4101 se
995 4034 1206 4105 vocatDeus
1251 4030 1342 4102 Heri
1362 4034 1458 4105 inter
1475 4052 1636 4129 quartam
1660 4051 1694 4108 et
1707 4039 1867 4131 quintam
1883 4037 2118 4127 vespertinam
2135 4034 2250 4103 nostri

176 4177 179 4184 ¹
201 4141 344 4212 Patrem
369 4133 630 4227 orphanorum,
655 4136 837 4202 credamus
861 4135 990 4224 igitur,
1015 4149 1049 4206 et
1064 4151 1204 4207 nostros
1251 4136 1386 4227 equites
1402 4136 1440 4204 in
1453 4139 1572 4228 fugam
1590 4141 1750 4209 conversi
1764 4154 1847 4209 seint
1861 4141 1903 4206 ad
1920 4138 2092 4229 oppidum
2105 4129 2251 4205 M'uhl-

201 4239 402 4337 orpbenos,
426 4261 515 4330 quos
537 4249 575 4304 tu
593 4235 753 4328 quotidie
767 4249 899 4322 gestas,
920 4248 958 4307 et
974 4260 1111 4307 summa
1126 4240 1203 4329 pie-
1251 4235 1349 4330 berg.
1385 4237 1504 4307 Palam
1525 4242 1580 4309 illi
1596 4243 1685 4310 circa
1704 4241 1853 4334 primam
1870 4235 1993 4308 boram
2010 4240 2123 4308 emetis
2139 4261 2248 4306 vene-

202 4358 273 4416 tate
296 4345 441 4423 educas,
469 4341 501 4407 ei
518 4362 622 4407 curae
638 4360 722 4409 esse.
776 4336 852 4406 lmo
870 4361 935 4405 nos
952 4339 1044 4428 ipsos
1059 4364 1203 4433 quoque
1250 4354 1332 4407 rum
1356 4342 1400 4407 ad
1424 4342 1563 4413 urbem.
1611 4340 1730 4410 Nostri
1750 4343 1986 4435 suspicantes,
2011 4363 2084 4407 esse
2103 4336 2249 4407 hostiles

201 4472 283 4518 cum
305 4467 426 4512 revera
452 4441 562 4509 simus
577 4435 748 4529 orphani,
773 4439 923 4506 sciamus
939 4440 984 4507 ab
1001 4464 1041 4507 eo
1057 4453 1091 4510 et
1106 4443 1154 4509 ali
1168 4456 1202 4511 et
1249 4439 1413 4524 insidias,
1444 4444 1665 4510 conclamare
1687 4444 1866 4512 iusserunt
1889 4445 1934 4510 ad
1963 4464 2071 4510 arma.
2126 4438 2245 4508 Excu-

199 4546 358 4643 protegi‚
391 4557 425 4612 et
448 4567 513 4610 nos
535 4542 602 4629 ipsi
620 4541 918 4613 commendemus.
971 4539 1202 4610 Fretuscou-
1248 4540 1326 4610 biae
1348 4541 1492 4611 fuerunt
1515 4543 1554 4610 in
1568 4544 1663 4612 vallo
1677 4569 1789 4637 usque
1803 4546 1848 4613 ad
1863 4543 2079 4625 diluculum,
2106 4542 2170 4610 ubi
2186 4566 2244 4610 ae-

199 4649 344 4722 scientia
373 4659 485 4714 rectae
513 4643 706 4711 voluntatis
728 4655 762 4710 et
789 4642 1062 4726 moderationis,
1093 4668 1203 4736 quam
1247 4664 1309 4731 gre
1333 4656 1415 4712 sunt
1444 4644 1556 4734 agniti
1585 4646 1698 4716 nostri
1729 4661 1763 4715 et
1787 4645 1918 4735 recepti
1945 4645 1984 4712 in
2007 4644 2152 4726 urbem,
2182 4644 2245 4736 qui

199 4746 514 4823 turbulentissimis
530 4745 750 4834 temporibus
768 4742 944 4833 praestiti,
964 4745 1126 4814 nondum
1142 4746 1201 4815 lu·
1246 4743 1419 4813 nuncium
1450 4747 1644 4817 attulerunt
1671 4749 1717 4816 de
1744 4736 1948 4817 ¹foedissima
1970 4759 2085 4835 strage
2107 4757 2142 4814 et
2162 4745 2245 4834 fuga

198 4876 281 4945 gere
301 4850 460 4932 decrevi,
489 4843 621 4915 aeDeo
644 4846 808 4928 iuvante,
841 4845 884 4912 ad
910 4867 973 4913 vos
996 4845 1088 4914 intra
1109 4848 1201 4914 octi-
1247 4857 1463 4921 uestrorum.
1514 4845 1596 4917 Duo
1618 4848 1775 4919 iuniores
1794 4847 1973 4940 principes
1990 4849 2054 4917 tilii
2071 4843 2247 4916 Electoris

197 4960 397 5026 deumne
415 4975 497 5019 cum
514 4947 657 5033 collegis
675 4947 961 5018 rediturussum.
1012 4946 1099 5016 Misi
1115 4942 1199 5017 binc
1246 4938 1401 5016 notho
1412 4950 1482 5018 dux
1498 4947 1792 5034 Brunsvicensis,
1822 4946 2103 5041 Validiscipnli,
2128 4949 2245 5017 redie-

198 5056 370 5126 nunciusn
388 5055 430 5120 ad
447 5073 526 5131 vos,
553 5049 610 5117 cui
625 5048 706 5115 dedi
726 5048 872 5137 paginas
885 5043 1100 5117 exhibendas
1115 5046 1197 5118 Ma-
1245 5062 1339 5120 urot.
1391 5047 1558 5118 Nostrum
1575 5052 1772 5142 piissimum
1791 5052 2125 5122 etadllectissimum
2141 5050 2242 5139 prin·

196 5146 463 5249 ⁴gistroPaulm
491 5173 593 5241 spero
617 5173 696 5217 eum
713 5151 757 5216 ad
774 5171 837 5216 vos
853 5150 1070 5239 pervenisse,
1097 5151 1196 5219 vide-
1243 5150 1355 5237 cipem
1379 5147 1580 5222 Electorem
1609 5156 1769 5223 noudum
1794 5153 2003 5243 accepimus.
2061 5148 2096 5220 A
2119 5152 2242 5221 multis

196 5261 305 5330 batur
331 5258 426 5326 enim
457 5251 563 5322 bomo
594 5275 666 5319 nou
693 5274 805 5320 vanus
828 5272 921 5333 esse,
958 5265 991 5320 et
1013 5251 1100 5320 civis
1121 5267 1194 5321 erat
1243 5252 1376 5322 dicitur
1396 5267 1534 5345 captus,
1566 5280 1587 5323 a
1606 5255 1908 5345 plurimistamen
1932 5253 2131 5344 nobisspes
2143 5255 2183 5323 fit
2197 5255 2243 5322 de

195 5359 401 5451 Tergensis.
471 5353 635 5423 Nostram
670 5352 838 5434 iarniliam
870 5350 938 5420 tibi
972 5357 1194 5426 commendo.
1243 5353 1317 5420 eius
1339 5355 1512 5424 incolumi
1533 5358 1706 5426 adventu.
1755 5356 1855 5452 Deus
1873 5368 2036 5424 aeternus
2058 5370 2158 5446 pater
2175 5356 2241 5423 do-

191 5460 346 5533 Beneet
363 5455 616 5531 felicitervale.
665 5451 731 5522 Die
749 5452 909 5542 Georgii.
1214 5442 1333 5522 lini
1363 5457 1476 5526 nostri
1504 5453 1584 5528 Iesu
1604 5452 1740 5530 Christi
1761 5478 1847 5528 eum'
1866 5454 2082 5527 incolumem
2103 5457 2149 5526 ad
2176 5480 2243 5526 nos
