4882 6426
213 300 291 381 6⁹6
809 293 1245 375 set-sronattnrt
1290 295 1397 377 ms.
1417 297 1480 377 ³11.
1526 295 1666 373 asts.
2180 300 2262 377 096

220 491 283 547 εει.
333 472 492 542 Primum
510 474 554 543 de
568 471 721 543 lectione
736 471 924 562 praecipit,
949 471 1031 563 quis
1046 471 1207 550 doctrina
1225 492 1236 625 l
1257 480 1476 560 quaerantur..
1495 467 1535 543 in
1557 468 1709 539 lectione
1724 462 1860 537 bomm
1881 468 2071 544 librorum.
2120 466 2262 544 Dicen-

221 573 397 644 Ecclesiae
412 572 595 665 dissimilis
611 589 663 641 est
679 566 934 663 philosophiae.
971 568 1207 643 Aritbmetica
1256 572 1342 638 dum
1357 568 1550 652 est'etiam,
1576 569 1665 661 qnid
1685 570 1730 638 sit
1744 564 1919 654 Ecclesia,
1936 571 2031 663 qnid
2048 571 2255 647 differatsb

221 688 255 745 et
278 674 368 744 aliae
393 689 484 745 artes
503 669 678 743 humanae
710 685 922 742 extruuntur
944 668 995 742 ‘ex
1025 672 1209 763 principiis
1256 669 1432 759 imperiis,
1469 670 1556 761 qnid
1580 673 1626 739 sit
1651 670 1784 740 iustitia
1809 669 1970 760 politica,
2003 673 2091 764 quid
2115 673 2255 747 iustitia

222 798 296 844 non
319 774 415 844 notis
438 797 503 842 nec
525 777 715 843 traduntur
728 773 832 844 initia
847 774 1009 846 lectione.
1058 771 1210 844 Notitias
1256 770 1422 859 spiritus,
1443 770 1528 859 quid
1544 770 1779 840 ministerium
1794 771 1985 858 evaagdii,
2015 774 2103 865 quid
2118 776 2252 864 guber·

222 875 318 944 enim
329 897 559 944 numerorum
573 889 607 944 et
620 874 689 942 alia
703 875 974 964 proportionum
990 873 1092 943 initia
1106 898 1210 942 mon·
1256 871 1353 939 natio
1375 870 1519 959 politica
1543 885 1607 944 etc.
1659 869 1804 953 Tertio,
1837 874 1901 941 etsi
1923 896 2065 960 necesse
2088 890 2159 959 est,
2184 879 2253 947 do·

222 989 308 1045 strat
327 975 383 1043 lex
401 988 561 1059 naturae;
586 977 647 1043 sed
664 975 850 1064 promissio
867 971 1051 1064 Evangelii
1068 976 1209 1066 proprie
1257 972 1405 1040 ctrinam
1429 972 1561 1055 teneri3
1593 985 1710 1040 tamen
1731 973 1868 1040 ici-:non
1891 973 1974 1043 satis
1995 988 2058 1045 εει.
2109 974 2205 1046 Νειε-
2218 992 2255 1048 ει

222 1076 314 1146 nulli
336 1089 514 1145 creaturae
530 1089 613 1145 nota
630 1074 716 1156 luit,
743 1087 862 1167 estque
878 1079 1057 1146 decretum
1070 1074 1139 1143 Dei
1153 1101 1210 1144 ar·
1258 1072 1366 1141 multi·
1377 1066 1495 1140 hostes
1508 1068 1575 1139 Dei
1591 1095 1665 1140 eam
1683 1084 1832 1156 norunt;
1857 1076 1918 1143 scd
1932 1082 2074 1165 op'o'rtet
2087 1078 2255 1149 accedere

222 1201 367 1259 mnnm,
392 1177 488 1266 quod
500 1173 597 1245 Deus
612 1198 674 1255 sua
694 1199 776 1243 voce
792 1175 969 1264 patefecit,
998 1191 1033 1245 et
1047 1177 1208 1245 mandari
1256 1173 1542 1244 consolationem.
1575 1168 1631 1241 Ad
1653 1166 1749 1242 hunc
1761 1173 1925 1242 ultimum
1942 1176 2049 1243 linem
2066 1180 2254 1249 referenda

212 1278 334 1348 literis
347 1276 463 1345 voluit
477 1300 540 1366 per
556 1289 681 1365 patres,
709 1271 895 1365 propbetas
909 1290 945 1345 et
958 1277 1147 1367 apostolos,
1175 1289 1210 1346 ει
1256 1285 1308 1341 εει
1330 1271 1508 1352 doctrina,
1541 1294 1587 1340 sse
1607 1286 1747 1363 peccam
1772 1287 1806 1344 el
1821 1288 1933 1343 morie
1949 1278 2110 1366 oppressi
2125 1303 2252 1370 perea-

223 1401 342 1449 curam
360 1379 614 1445 servandorum
638 1376 813 1449 librorum
829 1372 1006 1446 Ecclesiae
1020 1378 1208 1447 mandavit.
1255 1398 1346 1461 mus,
1371 1374 1433 1461 sed
1447 1373 1553 1441 erecti
1566 1373 1805 1443 consolatione
1821 1375 1916 1445 vocis
1929 1379 2104 1467 evangelii
2117 1382 2162 1447 de
2176 1380 2252 1451 lilio

221 1477 395 1566 Praecipit
418 1477 526 1564 igitur
547 1489 587 1545 ut
600 1477 756 1563 legamus
771 1490 806 1544 et
819 1479 1010 1567 approbat,
1035 1503 1076 1546 ac
1090 1491 1210 1548 tuetur
1256 1472 1321 1542 Dei
1337 1473 1563 1562 recipiamur,
1590 1474 1837 1559 iustificemur,
1863 1490 1897 1545 ει
1915 1476 2252 1553 efficiamurbaere-

222 1578 337 1649 studia
352 1576 563 1646 discentium
581 1577 710 1645 literas.
760 1574 864 1645 Hanc
877 1579 1153 1648 consolationem
1170 1579 1208 1647 in
1256 1577 1316 1641 des
1339 1574 1430 1641 vitae
1450 1587 1623 1646 aeternae.
1656 1571 1779 1645 ,Ηειιε
1801 1578 2129 1648 consolationemin
2147 1605 2252 1650 exen-

222 1678 347 1748 studiis
363 1690 552 1746 teneamus.
594 1674 732 1745 Deinde
748 1678 852 1746 tertio
869 1702 943 1747 non
957 1681 1072 1749 solum
1089 1703 1210 1748 ncces-
1255 1674 1347 1742 citiis
1365 1674 1614 1764 poenitentiae,
1640 1674 1678 1743 in
1695 1677 1861 1745 omnibus
1877 1679 2037 1767 periculis
2051 1692 2084 1749 et
2101 1681 2139 1749 in
2152 1706 2250 1773 quo-

209 1778 313 1848 saria
338 1790 406 1860 est,
434 1778 495 1845 sed
522 1802 563 1846 ex
591 1778 742 1846 lectione
770 1782 980 1848 sumendum
1008 1795 1060 1850 cst
1081 1781 1207 1848 ordine
1254 1774 1388 1844 tidiana
1409 1774 1632 1845 invocatione
1655 1777 1895 1866 experiamur,
1928 1780 2251 1852 uterescatinno-

221 1898 347 1969 corpus
361 1878 552 1950 doctrinae.
583 1875 745 1946 Discemi
761 1894 899 1969 oportet
914 1880 1024 1969 legem
1041 1894 1076 1950 et
1087 1875 1208 1949 Evan-
1254 1876 1309 1942 bis
1322 1876 1408 1945 fides
1422 1887 1456 1944 ει
1469 1875 1600 1965 agnitio
1618 1878 1834 1967 praesentiae
1849 1892 1884 1946 et
1900 1879 2160 1951 misericordiae
2176 1878 2251 1951 Dei

220 1980 366 2070 getium,
398 1979 550 2047 discerni
573 1980 768 2047 doctrinam
788 1982 832 2047 de
851 1981 925 2048 Deo
943 1982 1065 2049 falsam
1077 2006 1101 2048 a
1115 2004 1208 2065 vcra,
1254 2000 1334 2063 erga
1358 2000 1439 2058 nos,
1471 1990 1506 2046 ει
1527 1972 1716 2048 inchoetur
1736 1978 1774 2047 in
1787 1979 1892 2047 nobis
1907 1979 1977 2049 vita
1993 1994 2135 2051 aeterna
2149 1982 2249 2054 iusta

219 2079 372 2151 discerni
401 2092 436 2148 et
465 2080 663 2148 doctrinam
691 2081 734 2145 de
754 2076 909 2148 Ecclesia
941 2084 1046 2151 etde
1075 2082 1206 2171 impiis.
1254 2077 1386 2146 dictum
1409 2077 1472 2145 lilii
1488 2074 1572 2146 Dei:
1605 2072 1692 2147 baec
1716 2091 1767 2148 est
1791 2080 1862 2151 vita
1886 2094 2046 2167 aeterna,
2079 2095 2118 2153 ut
2134 2106 2247 2173 agno·

221 2180 362 2264 Tertio,
403 2201 478 2247 non
504 2180 586 2247 satis
614 2193 666 2248 εει
690 2182 887 2249 doctrinam
913 2204 1034 2267 nosse,
1074 2187 1136 2251 sed
1162 2185 1207 2252 ad
1253 2192 1368 2260 scant,
1399 2191 1432 2248 te
1453 2177 1568 2247 solum
1585 2188 1663 2247 'esse
1679 2176 1795 2248 Deum
1820 2204 1965 2263 verum,
1997 2196 2034 2252 et
2053 2208 2161 2276 quem
2176 2184 2247 2253 mi-

219 2304 322 2352 usum
345 2279 526 2351 transferri
550 2303 626 2347 eam
649 2303 787 2349 necesse
807 2296 874 2360 est,
904 2297 938 2351 et
956 2306 1114 2351 summus
1128 2307 1207 2371 gra·
1252 2277 1339 2362 sisti,
1358 2276 1485 2361 lesum,
1505 2302 1577 2347 esse
1591 2274 1785 2351 Christum.
1812 2278 1907 2349 Haec
1924 2282 2110 2370 explicatio
2125 2298 2246 2355 osten-

219 2384 285 2451 dus
304 2394 353 2449 est
377 2380 569 2449 consolatio
587 2380 743 2471 oppressi
758 2395 896 2470 peccato
913 2396 947 2452 et
961 2399 1084 2453 morte.
1134 2384 1205 2455 Sed
1253 2378 1323 2460 dit,
1356 2377 1459 2446 Pauli
1481 2379 1614 2449 dictum
1637 2380 1818 2452 continere
1841 2382 2064 2451 utilissimam
2090 2410 2245 2455 commo.

217 2484 256 2551 in
275 2506 356 2550 vcra
381 2480 598 2571 poenitentia
623 2481 730 2550 erecti
757 2483 996 2552 consolatione
1021 2485 1205 2574 perfidem
1253 2478 1485 2547 nefartionem
1502 2480 1546 2548 de
1560 2479 1686 2548 ordine
1703 2496 1737 2551 et
1751 2505 1819 2553 usu
1838 2484 1997 2553 coelestis
2012 2486 2193 2556 doctrinae
2210 2501 2245 2558 et

216 2583 445 2672 recipiamur,
467 2581 593 2649 fiamus
606 2581 690 2652 iusti
706 2595 741 2653 et
755 2576 921 2653 haeredes
937 2584 1029 2655 vitae
1044 2598 1206 2656 aeternae
1253 2582 1297 2647 de
1314 2579 1418 2648 initio
1433 2604 1474 2649 ae
1490 2579 1557 2649 fine
1573 2573 1693 2678 [eius].

217 2683 418 2755 efficiamur.
448 2679 557 2755 1547.

571 2916 854 2998 c>c....1.c.a.
1264 2940 1330 3013 n..
1344 2940 1457 3017 4031.
1530 3000 1538 3013 .
1821 2890 1825 2896 ’
2103 2966 2154 3030 ,a
2171 2959 2242 3026 oa.

1258 3035 1470 3079 w„
2119 3051 2246 3079 w..

1494 3126 1693 3243 Cruciger
1715 3131 1778 3216 od
1795 3133 1999 3219 Meuium.

583 3062 690 3137 Idem
715 3065 835 3141 aliter.

204 3152 335 3265 Ι(Ιιιίιίιιιιι
348 3203 380 3249 ιιι
391 3196 419 3249 in
434 3194 552 3261 Manlio,
570 3212 655 3265 usqne
668 3197 700 3249 ad
715 3197 813 3251 verber
829 3199 930 3264 atte’gat
938 3197 1090 3253 Ecclesiam
1103 3201 1143 3252 ad
1153 3202 1205 3253 bos

364 3266 451 3315 iiim
463 3265 594 3315 divinum
605 3267 736 3330 ‘mimis
754 3265 800 3317 ”bl
813 3277 875 3320 '¹⁸⁸¹-
889 3265 927 3318 ¹i⁰
941 3268 1053 3337 Perilli)
1318 3283 1342 3355 †
1359 3284 1396 3339 Es
1409 3288 1575 3366 autographo
1587 3292 1730 3363 crucigeri
1743 3294 1772 3347 in
1786 3293 1849 3350 eod.
1862 3293 1945 3351 Gotb.
1958 3294 2020 3352 384.
2034 3296 2063 3352 in
2076 3298 2131 3354 tot.

310 3380 519 3471 Sequuntur
541 3378 676 3470 reliqua
702 3381 773 3449 duo
796 3381 968 3450 membra:
1008 3384 1202 3455 consolatio

212 3494 246 3551 et
262 3481 433 3551 doctrina.
486 3478 555 3549 Sed
571 3493 650 3569 post
668 3479 853 3550 lectionem
870 3482 1025 3571 primum
1040 3485 1200 3555 doctrina
1246 3434 1458 3514 Rmm'd‘)
1479 3443 1572 3532 ‘’in'‘
1598 3445 1804 3567 fm‘m'bm
1814 3459 1856 3568 ,θ’
1875 3451 2012 3575 Pissl‘ifi
2025 3455 2242 3550 Pru-*Mb

210 3591 345 3653 mentes
359 3579 600 3652 instituantur.
639 3578 786 3651 Necesse
800 3595 851 3652 est
865 3583 959 3653 enim
976 3586 1088 3655 teneri
1103 3609 1201 3658 snm-
1248 3537 1283 3616 d·
1308 3539 1447 3614 lum
1471 3542 1651 3635 M⁶M⁰2
1674 3562 1819 3648 PMW'
1836 3549 2240 3628 E⁶⁶l⁶⁸¹⁰⁶G⁰¹h⁶M⁶

210 3706 305 3753 marn
331 3680 513 3761 doctrinae
539 3683 720 3752 reductam
742 3683 778 3749 in
801 3683 963 3753 ordinem
989 3699 1022 3754 et
1043 3687 1140 3757 velut
1161 3689 1199 3756 in
1247 3653 1278 3712 ιι
1300 3642 1467 3715 “aarum
1486 3645 1740 3722 E⁶⁶l⁶⁸i⁰fi¹m
1765 3653 1805 3723 in
1823 3649 2012 3751 Turt'ngia
2035 3657 2239 3755 inspectori,

210 3805 350 3872 corpus,
374 3796 409 3853 et
423 3780 575 3872 conspici
590 3781 780 3852 discrimen
793 3785 984 3868 doctrinae,
1010 3810 1100 3878 quae
1114 3812 1197 3878 pro-
1403 3748 1522 3821 ⁰mi⁶⁰
1540 3775 1609 3821 ⁸¹¹⁰
1630 3755 1759 3829 mnis·
1780 3747 1825 3826 C·
1845 3746 2015 3852 C'mb'
2022 3782 2068 3829 ‘l
2066 3812 2080 3883 ⁰.

208 3883 286 3976 pria
300 3899 351 3954 est
365 3878 542 3953 Ecclesiae
555 3878 634 3966 Dei,
659 3897 695 3954 et
708 3884 857 3952 aliarum
871 3887 999 3956 artium
1014 3909 1075 3956 seu
1088 3904 1198 3960 secta·
1242 3869 1290 3960 S.
1313 3891 1360 3963 D.
1411 3892 1622 3970 Gratissima
1643 3897 1734 3970 mibi
1751 3903 1819 3973 fnit
1836 3902 2025 3993 singularis
2043 3906 2237 3976 testificatio

207 4008 300 4057 rum.
364 3980 417 4053 Ac
450 3983 554 4053 initio
587 3982 698 4072 legem
723 3999 758 4055 et
783 3982 1016 4072 Evangelium
1042 3989 1197 4059 discerni
1242 3992 1508 4068 benevolentiae
1542 4016 1622 4072 tuac
1655 4026 1734 4093 erga
1759 4028 1837 4088 ιιιε,
1878 4028 1984 4097 quam
2010 4020 2093 4077 tuae
2119 4006 2239 4077 literae

208 4097 358 4176 oportet.
424 4081 497 4153 Lex
522 4083 561 4152 in
582 4085 747 4173 decalogo
773 4086 925 4155 breviter
947 4083 1195 4176 comprehensa
1243 4111 1466 4182 peramanter
1491 4101 1639 4191 scriptae
1665 4115 1698 4172 te
1719 4098 1836 4174 adhuc
1857 4119 2062 4178 constanter
2087 4108 2237 4179 retinere

206 4200 269 4259 est.
319 4182 554 4273 Evangelium
570 4197 686 4254 autem
702 4186 843 4277 proprie
859 4201 910 4255 est
926 4190 1096 4277 gratuitae
1115 4216 1144 4264 r.
1161 4216 1195 4282 p.
1243 4196 1462 4273 confirmant.
1515 4200 1637 4293 ltaque
1654 4203 1720 4274 tibi
1734 4205 1840 4274 ctiam
1853 4206 1983 4296 gratias
1997 4211 2151 4296 agendas
2163 4230 2234 4279 esse

204 4280 438 4386 [remissionis
461 4278 699 4380 peccatorum]
722 4287 924 4376 promissio,
957 4313 1016 4357 seu
1037 4294 1195 4361 reconci·
1242 4295 1376 4382 iudico,
1408 4300 1504 4392 quod
1527 4284 1621 4372 inter
1643 4317 1713 4373 tam
1735 4306 1884 4385 multos,
1910 4308 1973 4401 qui
1997 4334 2095 4380 ιιιιιιε
2116 4310 2174 4379 vel
2193 4333 2234 4381 cx

202 4385 372 4467 litationis,
389 4384 479 4479 quae
493 4387 647 4456 donatur
659 4402 803 4477 propter
817 4388 927 4456 lilium
943 4387 1021 4458 Dei.
1046 4388 1194 4461 Discen-
1241 4396 1374 4489 iniquis
1396 4401 1657 4493 suspicionibus
1681 4407 1736 4474 vel
1753 4431 1793 4475 ειι
1810 4407 1907 4476 falsis
1921 4411 2157 4494 rumusculis,
2181 4410 2234 4479 vel

203 4491 239 4558 di
261 4501 344 4558 sunt
363 4499 398 4557 ει
416 4487 556 4557 articuli
572 4486 673 4571 lidei,
697 4512 850 4581 quorum
868 4505 907 4560 ut
922 4513 1056 4560 summa
1075 4496 1194 4565 brevi·
1242 4513 1384 4588 propter
1407 4502 1525 4572 nescio
1551 4497 1646 4597 qnod
1663 4507 1764 4576 nullo
1782 4509 1875 4578 malo
1892 4500 2011 4579 animo
2029 4527 2090 4584 aut
2107 4511 2234 4599 studio,

203 4605 257 4662 ter
272 4583 522 4677 comprehensa
539 4602 638 4671 esset,
664 4590 863 4682 symbolum
881 4594 1113 4681 compositum
1133 4609 1193 4680 est,
1239 4600 1298 4667 sed
1312 4599 1458 4672 fortasse
1472 4628 1547 4673 non
1561 4606 1644 4675 satis
1658 4608 1877 4678 considerate
1892 4624 1926 4680 et
1941 4610 1991 4678 sic
2004 4612 2089 4683 satis
2103 4634 2231 4711 yepes-

202 4694 262 4784 sed
285 4688 483 4760 testimonia
499 4702 533 4759 et
548 4688 732 4780 explicatio
748 4705 933 4761 sumantur
949 4718 988 4760 ex
1008 4688 1062 4761 his
1080 4693 1191 4769 libris.
1236 4704 1348 4781 τικῶς
1379 4704 1567 4796 scriptum,
1607 4708 1757 4779 anobis
1783 4704 2046 4800 abalienantur3
2089 4714 2231 4809 quidam
2262 4726 2267 4735 “

198 4790 345 4862 Necesse
361 4801 429 4872 est,
454 4790 650 4859 doctrinam
666 4793 846 4881 propriam
861 4788 1039 4862 Ecclesiae
1056 4792 1191 4865 deDeo
1238 4800 1344 4869 etiam
1366 4805 1480 4893 palam
1502 4806 1609 4876 nobis
1629 4809 1752 4878 acerbe
1776 4811 2003 4884 maledicunt.
2054 4811 2132 4885 Nos
2147 4838 2231 4885 vero

200 4891 354 4962 discerni
368 4889 413 4958 ab
428 4883 579 4974 ethnica,
597 4889 780 4972 videlicet,
801 4916 847 4962 ne
862 4916 884 4961 a
897 4917 982 4961 vero
997 4891 1073 4963 Deo
1087 4896 1190 4965 aber·
1237 4901 1322 4993 quid
1350 4902 1388 4971 in
1412 4899 1478 4975 bac
1501 4931 1621 4977 rerum
1645 4910 1804 4980 omnium
1823 4912 1913 4983 tristi
1928 4914 2138 4985 confusione
2153 4938 2231 5005 aga-

198 5015 334 5077 remus,
363 5003 395 5061 et
414 5005 455 5060 ut
468 5004 625 5060 nostram
642 4991 902 5063 invocationem
919 4994 964 5062 ab
979 4990 1116 5065 ethnica
1134 5021 1190 5066 se·
1235 5002 1339 5071 mus?
1391 5002 1514 5093 Quid?
1539 5009 1609 5077 nisi
1634 5024 1672 5081 ιιι
1692 5011 1850 5083 miserias
1866 5025 2023 5098 nostras,
2046 5039 2136 5109 quas
2152 5040 2231 5109 peo-

198 5095 396 5182 iungamus.
446 5091 545 5161 Scire
568 5102 708 5183 oportet
728 5105 798 5162 tres
819 5116 893 5161 esse
912 5118 1078 5183 personas
1093 5097 1188 5167 divi·
1236 5086 1322 5171 caiis
1345 5107 1475 5175 nostris
1498 5110 1602 5179 nobis
1623 5135 1745 5181 omncs
1764 5114 2030 5199 accersivimus,
2057 5130 2093 5187 et
2106 5112 2230 5189 Eccle-

197 5195 332 5278 nitatis,
345 5205 480 5283 patrem
495 5206 688 5276 aeternum,
707 5194 831 5277 lilium,
853 5193 914 5286 qui
934 5209 986 5265 est
1001 5189 1109 5295 λόγος
1123 5196 1187 5270 καὶ
1235 5202 1377 5287 εἰιιιιιιιιΙ
1398 5196 1531 5277 tantam
1562 5212 1822 5303 qaassationem
1851 5215 2094 5307 deploremus,
2124 5232 2160 5288 ει
2178 5216 2229 5289 'er

197 5290 307 5367 εἰκῶν
329 5287 447 5375 deltos
462 5286 587 5364 ἆῖὅῖθι)
601 5288 757 5384 motis,
785 5308 818 5365 et
832 5295 993 5383 spiritum
1011 5312 1184 5369 sanctum.
1236 5302 1300 5375 imi
1320 5307 1469 5394 pectoris
1485 5310 1672 5396 gemitibus
1690 5327 1723 5381 et
1738 5308 1898 5405 suspiriis
1914 5342 1932 5383 a
1946 5311 2034 5399 Deo,
2050 5333 2150 5407 patre
2167 5322 2232 5389 ‹to-

194 5396 334 5467 llorum
355 5392 606 5483 descriptiones
627 5408 662 5465 et
676 5395 875 5466 testimonia
892 5398 935 5469 de
953 5398 1183 5489 patefactione
1233 5405 1325 5473 mini
1343 5409 1456 5485 nostri
1475 5408 1556 5487 lesu
1567 5406 1719 5501 Cluisti,
1744 5410 1873 5487 borum
1889 5417 2081 5489 vulnerum
2096 5434 2131 5492 et
2144 5446 2230 5491 con-
