4882 6426
194 323 271 399 023

410 481 625 562 Aliaria,
651 458 755 549 Daci
774 471 992 547 Borassiae.

199 642 246 733 S.
267 655 311 727 D.
347 649 586 724 lllustrissime
600 638 791 734 Princeps,
816 665 856 712 ac
871 638 1026 711 Domine
1042 636 1197 706 clemen·

200 758 347 833 tissime.
399 751 476 824 Etsi
499 753 536 821 in
559 750 685 818 itinere
705 746 778 831 fui,
803 764 959 834 egressus
975 738 1202 827 Brnnswiga,

201 875 242 934 ut
256 863 299 930 ad
307 857 484 928 Balticum
498 855 582 921 litus
598 850 817 932 accederem,
840 859 1054 916 tamencum
1070 840 1108 908 iu
1122 837 1201 908 Du-

203 978 283 1033 catu
297 955 566 1044 Luueburgensi
584 951 753 1021 transitus
776 948 880 1017 nohis
895 968 970 1015 non
991 942 1202 1013 concedere-

201 1080 280 1147 tur,
310 1079 487 1149 regressus
504 1078 601 1137 sum,
634 1065 669 1121 ct
687 1051 742 1119 vel
757 1051 848 1129 fato,
879 1049 935 1116 vel
949 1069 1025 1114 mea
1047 1044 1200 1136 quadam

202 1164 405 1236 cantatione
438 1160 476 1226 in
513 1153 568 1224 his
602 1151 806 1241 regionibus
842 1160 1080 1220 commoratus
1111 1167 1202 1216 sum.

202 1266 308 1337 Nunc
323 1246 366 1334 ad
382 1258 610 1331 Academiam
625 1266 810 1322 revocatus
824 1275 923 1334 sum,
948 1249 1013 1319 ubi
1028 1248 1072 1315 de
1088 1243 1202 1315 nostri

203 1363 380 1453 naufragii
402 1359 533 1431 tabulis
557 1354 831 1425 deliberationes
862 1364 964 1435 sunt,
1004 1369 1092 1442 quas
1116 1348 1203 1415 deus

203 1470 385 1558 gubernet.
443 1455 500 1529 Ad
524 1455 587 1527 has
613 1455 739 1526 accessi
761 1478 836 1524 non
867 1453 938 1523 alia
968 1473 1091 1534 causa,
1131 1446 1202 1516 nisi

203 1570 300 1665 quod
322 1561 478 1634 iudicavi
500 1556 668 1628 hactenus
691 1555 978 1626 coniunctionem
998 1565 1203 1621 nostrorum

202 1671 417 1758 collegarum
432 1662 605 1753 profuisse
621 1657 747 1729 studiis
764 1657 956 1728 doetrinae.
1004 1652 1088 1723 ldeo
1102 1663 1204 1743 opta-

202 1774 272 1842 rim
289 1792 364 1838 eam
380 1763 531 1836 restitui.
582 1759 679 1830 Deus
692 1773 857 1830 aeternus
870 1769 971 1849 pater
983 1753 1123 1825 domini
1137 1775 1204 1821 no-

204 1874 269 1943 stri
292 1864 371 1940 lesu
389 1861 524 1936 Christi
548 1862 753 1932 consuletur
772 1856 1029 1930 Celsitudinem
1052 1868 1203 1924 vestram

153 2011 156 2015 ’
204 1988 238 2051 et
255 1975 294 2041 in
311 1973 409 2041 luctu
417 1959 455 2062 *)
472 1964 561 2035 etin
578 1963 745 2033 omnibus
759 1962 838 2029 aliis
854 1959 947 2029 curis
963 1982 1003 2027 ac
1019 1955 1205 2026 doloribus

205 2091 239 2147 et
254 2084 368 2144 servet
384 2092 459 2137 eam
474 2067 701 2136 incolumem.
749 2058 1024 2133 Recentissimas
1039 2052 1205 2127 historias

204 2180 242 2245 in
267 2172 402 2265 pagella
430 2161 699 2258 comprehendi,
731 2187 837 2255 quam
862 2157 1043 2231 exhibebit
1063 2155 1156 2230 Cels.
1171 2182 1205 2228 v.

203 2274 249 2349 D.
264 2270 430 2344 Sabinus
447 2292 554 2359 gener
575 2288 686 2335 meus.
735 2261 832 2335 Bene
854 2277 888 2334 et
902 2259 1076 2331 foeliciter
1093 2259 1206 2329 valeat

203 2374 294 2449 Cels.
311 2401 345 2448 v.
363 2368 531 2445 Calendis
546 2365 709 2456 Augusti.

616 2466 709 2543 Cels.
724 2492 756 2541 v.

831 2563 1093 2634 addictissimus

727 2662 914 2757 Philippus
932 2661 1156 2738 Melanthon.

306 2818 419 2874 Adieata
433 2826 473 2871 est
493 2816 556 2870 huic
570 2810 698 2884 epistolae
717 2811 809 2865 eadem
826 2806 934 2878 pagella
949 2826 1086 2864 notarum
1103 2823 1208 2874 rerum,

261 2888 345 2956 ‘quae
358 2886 464 2942 inclusa
478 2884 550 2953 tuit,
569 2880 699 2954 epistolae
710 2880 744 2936 ad
758 2879 861 2950 Regem
869 2876 976 2932 Daniee
992 2878 1018 2932 d.
1033 2880 1056 2933 1.
1068 2878 1138 2947 Aug.
1147 2875 1205 2929 lna.

219 3259 287 3329 No.
304 3256 416 3329 8960.
512 3200 517 3207 ¹

214 3354 425 3391 Μ

1073 3270 1107 3328 1.
1124 3253 1207 3339 Aug.

530 3435 634 3547 Cpit.
648 3436 887 3522 Pannonio.

279 3616 357 3670 Edita
371 3634 386 3668 a
405 3615 618 3697 Wgsahetiiero
633 3613 652 3670 1.
672 3632 686 3667 e
706 3614 766 3670 .11.
784 3631 814 3667 er
830 3631 923 3737 epops.
937 3611 998 3669 cod.
1010 3612 1100 3669 chtn.
1111 3613 1210 3669 Dresd.

313 3682 573 3754 Gontultapogr.m
586 3682 647 3738 eod.
695 3683 800 3738 ehnert.
817 3681 871 3738 No.
902 3700 958 3755 .p.
971 3683 1016 3738 65.

209 3848 552 3935 Clarissimorum
585 3848 788 3924 eruditione
807 3863 839 3924 et
857 3854 985 3925 virtute
1003 3855 1214 3952 praestanti

208 3952 265 4028 D.
293 3947 647 4054 Christophoro
672 3948 928 4026 Pannonio
953 3956 993 4025 in
1010 3952 1210 4027 Academia

347 4050 704 4155 Francosordiana,
729 4055 849 4128 emim
864 4082 931 4128 suo
946 4057 1075 4151 eariss.

211 4203 255 4292 S.
279 4208 324 4295 D.
375 4214 429 4290 De
446 4214 577 4289 Carolo
599 4214 689 4306 lmp.
714 4216 1051 4300 lenientevictorias
1072 4217 1212 4311 scripsit

211 4322 355 4417 quidem
370 4318 499 4403 Italus,
526 4317 588 4412 qui
604 4330 714 4388 castra
728 4319 904 4410 sequitur:
933 4342 1009 4388 una
1023 4318 1117 4412 gerit
1133 4316 1210 4391 bel·

212 4423 308 4508 tum,
341 4414 460 4492 reddit
481 4442 616 4487 manus
636 4414 757 4486 altera
776 4440 913 4515 pacem.
964 4417 1130 4492 Delector
1151 4446 1210 4492 er.

212 4528 308 4615 gutia
323 4545 466 4600 versus,
498 4544 563 4589 nec
580 4522 789 4589 sententiam
802 4521 982 4612 improb03
1014 4520 1097 4592 nam
1113 4522 1141 4617 ¹)
1159 4526 1210 4592 le-

212 4629 304 4697 nitas
315 4624 459 4694 victoris
474 4622 554 4691 orbi
569 4634 742 4690 terrarum
755 4620 872 4713 aliqua
889 4647 929 4691 ex
941 4638 1041 4717 parte
1052 4625 1211 4695 miserias

212 4727 399 4816 mitigavit.
450 4722 522 4793 Sed
546 4746 611 4791 nos
634 4721 736 4791 etiam
751 4720 819 4791 Dei
840 4725 1032 4794 bonitatem
1057 4727 1210 4796 celebre·

211 4850 310 4913 mus,
342 4825 404 4919 qui
419 4824 589 4915 reliquias
611 4824 776 4893 ecclesiae
798 4837 832 4892 et
847 4824 1027 4894 doctrinae
1041 4829 1119 4898 vult
1137 4850 1210 4898 ser-

213 4931 298 5000 v'ari.
349 4923 418 5011 Et,
442 4938 482 4993 ut
497 4937 627 5008 servet,
652 4938 726 4993 toto
746 4949 827 4994 eum
845 4939 983 5016 pectore
997 4944 1071 5002 oro,
1108 4927 1211 4999 Nun-

212 5033 306 5101 cium
322 5030 366 5098 ad
385 5050 447 5096 vos
462 5049 539 5096 meo
556 5039 700 5116 sumptu
717 5027 838 5111 mitto,
870 5041 911 5096 ut
927 5028 1136 5100 Academiae
1153 5055 1213 5100 ex-

224 5192 429 5210 αι*-

246 5314 487 5452 *lpffipomm
509 5311 688 5381 &scottia
706 5328 761 5369 aas
774 5315 820 5370 tea
836 5315 1004 5433 11711111.
1016 5320 1048 5385 a
1062 5321 1212 5389 sertatim.

248 5474 277 5537 1)
296 5465 530 5540 vilemelt-nean.

780 297 1224 385 EPISTOLARUM
1275 301 1463 384 LlB.X.‘
1515 303 1660 383 1647.Ι

2169 303 2255 383 624

1253 470 1447 550 hibeantur
1468 501 1566 549 meae
1587 477 1732 563 literae,
1763 478 1803 547 in
1825 479 1956 571 quihus
1975 477 2021 547 ad
2042 490 2177 546 vestras
2199 496 2258 547 re·

1251 582 1423 670 spondeo.
1471 577 1563 651 Nam
1585 593 1700 653 vester
1722 580 1875 653 nuncius
1894 581 1940 651 ad
1965 602 2022 649 me
2041 601 2118 650 non
2135 578 2255 653 rediit.

1252 678 1307 751 Te
1322 706 1404 768 oro,
1429 692 1471 753 ut
1485 682 1559 773 ipse
1572 679 1874 772 Magnil.Rectori
1889 676 2102 751 Academiae
2117 692 2256 751 vestm

1252 784 1380 853 reddas
1395 807 1510 853 meam
1534 783 1718 876 epistolam
1736 779 1783 878 ²),
1815 796 1849 852 et
1872 778 1962 853 mihi
1984 781 2170 866 rescribas,
2203 804 2251 850 an

1253 885 1299 954 sit
1319 881 1486 955 exhibita.
1541 883 1699 954 Alteram
1723 886 1840 954 mittas
1862 885 2009 954 domino
2032 879 2254 953 Cancellario

1253 981 1430 1079 Principis
1441 982 1617 1057 Electoris
1637 981 1860 1057 Marchionis
1877 980 1920 1081 ³).
1970 981 2112 1055 Certam
2136 985 2254 1053 sedem

1254 1089 1415 1158 nondum
1436 1082 1562 1157 habco.
1613 1082 1684 1159 Sed
1709 1087 1749 1155 in
1772 1088 1943 1179 oppidum
1962 1100 2125 1159 nostrum
2141 1081 2173 1179 ⁴)
2198 1106 2253 1157 re·

1254 1189 1326 1274 dii,
1360 1198 1400 1261 ut
1416 1190 1620 1260 dialecticen
1637 1213 1760 1258 rursus
1777 1191 1899 1274 edam,
1931 1187 2080 1282 quaein
2103 1183 2174 1258 hoc
2199 1206 2254 1256 se·

1253 1314 1352 1360 cessu
1369 1305 1572 1383 propterea,
1602 1292 1700 1384 quod
1717 1313 1774 1359 me
1786 1289 1897 1361 secuti
1912 1303 1996 1360 sunt
2016 1290 2257 1359 adolescentes

1255 1393 1386 1485 aliqui,
1411 1417 1432 1463 a
1449 1417 1505 1461 me
1521 1393 1570 1464 ita
1584 1393 1712 1484 scripta
1725 1405 1797 1479 est,
1822 1406 1863 1462 ut
1880 1391 2020 1477 omnia,
2045 1415 2137 1485 quae
2152 1413 2256 1483 prae-

1255 1495 1363 1585 ceptis
1377 1489 1628 1586 comprehendi
1646 1495 1806 1585 prodest,
1836 1494 2040 1585 complexus
2053 1493 2197 1578 ridear,
2224 1506 2260 1562 et

1255 1597 1408 1665 multum
1423 1599 1580 1687 adspersi
1595 1597 1739 1667 utilium
1756 1592 1785 1693 ⁸)
1812 1595 2048 1687 exemplorum
2065 1597 2108 1665 ad
2124 1596 2258 1664 iuvan-

1256 1699 1301 1766 da
1316 1692 1345 1792 ⁶)
1359 1698 1514 1786 ingenia.
1565 1694 1706 1785 Quaeso
1725 1711 1765 1767 ut
1781 1692 1863 1766 huic
1884 1720 1962 1766 meo
1976 1696 2104 1766 sauneio
2120 1696 2184 1765 des
2207 1695 2259 1763 li·

1256 1811 1348 1869 teras
1371 1802 1417 1868 ad
1437 1823 1506 1872 me.
1557 1787 1799 1869 Camerarius
1814 1796 2029 1888 Noribergae
2047 1797 2116 1867 fuit
2130 1792 2261 1869 hacte-

1257 1924 1336 1975 nus.
1387 1899 1487 1972 Bene
1501 1902 1581 1973 vale
1595 1915 1630 1970 et
1644 1902 1811 1974 rescribe.
1841 1899 1918 1972 Cal.
1935 1896 2028 1990 Aug.
2042 1897 2152 1973 1547.

1762 1996 1954 2094 Philippus
1976 1996 2207 2072 Melanthon.

1257 2312 1325 2390 No.
1342 2314 1454 2392 5961.

1267 2411 1438 2442 Μ
2003 2350 2012 2357 “
2117 2331 2149 2396 4.
2167 2327 2253 2414 Aug.

2118 2420 2254 2448 w»

1583 2488 1646 2574 Ιο.
1671 2480 1929 2594 Aurifabro.

1328 2648 1348 2715 †
1366 2645 1404 2701 Er
1416 2627 1572 2721 apographo
1591 2649 1620 2706 in
1635 2651 1698 2707 cod.
1714 2651 1800 2706 Paris.
1813 2651 1851 2705 D.
1864 2649 1896 2704 1..
1908 2649 1968 2706 ⁵4⁸.

1284 2797 1339 2876 D.
1377 2794 1592 2872 Iohanni
1623 2799 1892 2900 Aurisabro
1926 2797 1973 2880 V
1968 2802 2235 2890 ratisiaviensi,

1581 2928 1701 2976 amieo
1716 2930 1784 2976 sao
1799 2928 1928 2983 aarrss.

1261 3035 1303 3125 S.
1332 3052 1381 3122 D.
1430 3048 1619 3124 Carissime
1638 3048 1827 3125 Iohannes.
1877 3051 1989 3125 Notae
2010 3053 2077 3125 tibi
2096 3072 2180 3128 sunt
2199 3081 2258 3127 ve·

1261 3170 1351 3228 teres
1368 3150 1554 3240 historiae,
1580 3179 1670 3248 quae
1692 3171 1840 3227 narrant
1855 3180 1961 3250 quam
1978 3157 2133 3228 difficilis
2154 3161 2258 3231 fuerit

1261 3256 1470 3327 instauratio
1491 3257 1637 3327 urbium
1659 3271 1741 3349 post
1765 3259 1911 3333 excidia.
1963 3254 2105 3350 Templi
2122 3259 2258 3334 leroso-

1262 3360 1440 3454 lymorum
1457 3359 1644 3429 exstructio
1662 3358 1801 3452 quoties
1816 3359 1985 3452 impedita
2002 3374 2054 3432 est
2068 3377 2149 3455 post
2164 3366 2258 3436 redi-

1261 3474 1337 3531 tum
1353 3460 1478 3551 populi
1501 3485 1542 3529 ex
1555 3456 1755 3532 Chaldaea?
1786 3459 1856 3532 Sed
1882 3474 1999 3532 tamen
2024 3462 2257 3539 instauratum

1262 3576 1313 3634 est
1327 3562 1500 3655 templum
1512 3564 1672 3637 tandem.
1711 3561 1764 3633 lta
1777 3563 1840 3633 etsi
1856 3565 1990 3636 tardius
2004 3566 2165 3638 fortassis
2179 3594 2258 3663 pro·

1262 3667 1361 3734 cedet
1384 3664 1561 3736 restitutio
1585 3663 1798 3736 Academiae
1819 3680 1975 3738 nostrae:
2012 3689 2256 3760 processuram

1262 3779 1380 3837 tamen
1396 3789 1518 3858 spero,
1543 3762 1621 3836 Deo
1638 3768 1802 3852 iuvante,
1827 3788 1867 3838 ae
1882 3769 2047 3860 princeps
2064 3774 2256 3866 respondit,

1262 3892 1298 3936 se
1314 3878 1518 3938 curaturum
1540 3890 1630 3954 esse,
1659 3883 1701 3939 ut
1724 3870 1858 3940 reditus
1874 3873 2088 3963 pendantur.
2141 3872 2256 3965 Quare

1263 3994 1343 4039 cum
1359 3968 1514 4059 primum
1530 3969 1618 4040 certi
1635 3969 1769 4064 aliquid
1784 3971 1952 4058 sciemus,
1970 3987 2004 4044 te
2018 3998 2187 4048 revocare
2200 3979 2255 4048 de·

1262 4069 1457 4156 crevimus,
1481 4086 1517 4141 et
1530 4071 1703 4157 arbitror,
1728 4085 1761 4143 te
1779 4072 1817 4140 in
1833 4072 2021 4144 Academia
2038 4076 2161 4148 vivere
2173 4078 2254 4149 mal·

1261 4172 1295 4240 le
1311 4194 1420 4273 quam
1437 4194 1586 4263 usquam
1607 4172 1706 4246 alibi.
1761 4168 1884 4247 odite
1901 4168 2056 4274 γλύκιον
2072 4175 2251 4276 πατρίδος.

1262 4270 1334 4341 su
1352 4294 1434 4341 vere
1449 4267 1540 4341 mihi
1555 4272 1705 4364 patriam
1721 4296 1795 4344 esse
1813 4288 1927 4347 statuo
1946 4291 2098 4349 vestram
2114 4304 2253 4354 consue-

1263 4372 1442 4452 tudinem,
1469 4374 1672 4468 ubicunque
1690 4400 1760 4446 una
1779 4400 1929 4449 essenos
1946 4380 2046 4449 Deus
2063 4384 2172 4459 volet.
2210 4378 2249 4455 llt

1262 4473 1546 4545 coniunctionem
1566 4490 1724 4547 nostram
1740 4480 1911 4569 profuisse
1926 4481 2054 4553 studiis
2068 4483 2200 4567 iudico,
2221 4497 2248 4554 ct

1262 4568 1378 4645 adhue
1412 4576 1633 4667 profuturam
1667 4604 1780 4672 spero.
1836 4579 1933 4653 Bene
1959 4585 2049 4660 vale.
2103 4586 2246 4658 Salutem

1263 4690 1345 4767 opto
1367 4674 1412 4751 D.
1436 4673 1622 4749 Μοίὂαηο
1652 4695 1686 4751 et
1706 4681 1805 4767 tiliis,
1843 4708 1932 4774 quos
1950 4687 1995 4769 ad
2019 4685 2243 4765 Academiam,

1264 4792 1302 4849 ut
1325 4801 1447 4871 spero,
1472 4781 1629 4853 reduces.
1670 4780 1707 4853 4.
1724 4780 1814 4874 Aug.
1836 4783 1944 4861 1547.
1997 4787 2156 4862 Salutem
2176 4802 2241 4884 opto

1272 4876 1499 4974 Winglero,
1525 4882 1601 4953 viro
1618 4884 1771 4976 optimo,
1797 4900 1830 4958 et
1848 4886 1932 4959 tilio.

1270 5052 1496 5066 a*

1300 5136 1328 5202 2)
1346 5135 1416 5189 Vide
1429 5155 1486 5190 eam
1501 5155 1581 5210 supra
1596 5138 1622 5193 d.
1637 5138 1681 5209 17.
1694 5140 1743 5197 tut.

1299 5220 1327 5289 ὃ)
1344 5219 1386 5274 Ia.
1403 5221 1591 5275 Weintaubio.

1300 5308 1329 5373 4)
1348 5305 1487 5376 Wegsch.
1499 5326 1603 5362 areum

1302 5390 1329 5460 5)
1347 5388 1486 5463 Wegsch.
1504 5391 1634 5446 mendose
1649 5397 1803 5450 variarum.

1299 5474 1330 5545 a)
1348 5473 1488 5549 weges.
1501 5478 1662 5532 amana..
