4882 6436
169 318 248 397 oar
619 267 623 271 ’
753 249 1190 376 eeisronaaum
1238 297 1426 376 urna.
1479 294 1608 373 1⁶47.
1678 254 1681 260 ’
2150 300 2227 373 sas

170 485 364 571 Electoris,
395 485 453 556 vel
487 480 526 554 in
547 474 677 552 vicinia
700 475 908 547 commodos
928 472 1063 565 potuit,
1096 491 1168 564 quo
1220 469 1261 541 in
1277 469 1477 543 dialectices
1491 470 1645 563 epitome
1658 468 1892 554 absolvenda,
1917 494 2024 562 qnam
2041 493 2227 562 speramus

172 605 288 665 totum
320 610 448 680 corpus
478 582 691 655 Academiae
718 579 979 648 transferretur.
1044 570 1191 664 ltaqne'
1222 572 1357 644 editum
1372 571 1419 642 iri
1433 572 1526 644 intra
1540 593 1710 641 mensem.
1736 570 1871 642 Scribit
1883 572 1977 639 enim
1992 596 2073 642 eum
2088 573 2223 645 librom

174 692 341 766 dominus
358 681 558 782 Philippus
580 683 620 752 in
639 678 811 771 oppidum
829 678 986 747 vicinum
1001 669 1172 744 Anhalti-
1222 686 1382 746 accurate
1406 689 1440 746 et
1454 676 1662 764 diligenter,
1687 671 1836 741 mirifice
1850 673 2079 763 profuturum
2095 678 2227 747 studiis

173 817 303 866 norum
332 789 534 882 principum
559 779 770 853 Zerbestom
799 802 836 848 se
866 778 1030 848 contulit.
1096 770 1172 844 Alii
1223 776 1428 846 iuventutis·

175 896 391 992 professores
430 887 732 978 Magdebnrgnm,
773 880 837 949 alii
875 878 1173 966 Brandebnrgum
1329 875 1372 946 ln
1402 889 1578 946 conventu
1596 874 1794 967 Lipsiensi,
1828 874 1873 943 de
1901 897 1972 966 qno
1990 875 2084 963 dixi,
2117 879 2224 948 etiarn

139 964 142 970 ¹
177 999 380 1086 elegerunt,
409 989 473 1060 ubi
500 988 688 1058 latitarunt
707 984 752 1052 ad
775 982 811 1052 id
835 995 992 1071 tempus,
1022 1001 1094 1070 quo
1117 1000 1174 1048 ca·
1225 976 1553 1069 petebaturaDuce
1567 971 1762 1045 Mam-itio
1778 970 1918 1045 scholae
1937 973 2228 1068 Witebergensis

177 1110 261 1193 ptus
274 1092 419 1166 Elector
431 1088 627 1161 saxonicus
650 1084 840 1156 nunciatus
862 1095 925 1155 est.
976 1077 1039 1149 Me
1057 1090 1175 1148 autem
1226 1080 1423 1164 restitutio,
1449 1080 1511 1172 qni
1525 1090 1560 1148 et
1574 1092 1650 1150 tum
1664 1078 1794 1162 statim,
1818 1088 1853 1146 et
1867 1071 2014 1167 posthae
2030 1076 2228 1154 Witeber-

178 1214 257 1272 tum
280 1194 403 1279 initio,
433 1215 514 1261 cum
534 1189 615 1259 aliis
629 1185 748 1276 egredi
764 1185 853 1255 urbe
869 1196 904 1253 et
917 1181 1029 1251 vitare
1048 1178 1175 1271 strepi·
1227 1204 1290 1271 gae
1314 1204 1434 1250 coram
1456 1179 1583 1272 amplis
1605 1179 1723 1250 verbis
1744 1175 1928 1271 promisit,
1956 1200 1993 1246 se
2018 1203 2095 1251 non
2115 1187 2227 1257 modo

181 1315 260 1372 tum
282 1296 439 1366 militum
460 1291 678 1381 cupientem,
705 1287 852 1355 morbus
874 1282 976 1352 filioli
1000 1281 1176 1373 periculo·
1228 1283 1488 1362 laboraturum,
1515 1295 1555 1351 ut
1568 1293 1785 1351 restauretur
1795 1280 1842 1348 ad
1860 1277 2046 1371 pristinam
2061 1284 2229 1375 formam,

184 1422 244 1473 sus
265 1395 414 1467 retinnit
433 1393 471 1460 in
489 1391 642 1483 oppido,
677 1388 839 1457 ubisane
855 1385 1076 1454 difficultates
1091 1382 1177 1452 tales
1228 1407 1352 1455 verum
1376 1385 1480 1453 etiam
1503 1382 1745 1481 quaesiturum
1768 1380 1877 1465 vires,
1911 1380 2041 1473 quibus
2066 1384 2227 1479 locuple-

182 1498 331 1594 pertuli,
361 1516 450 1591 quae
463 1493 647 1583 inexperto
663 1512 786 1579 graves
803 1486 916 1556 videri
934 1498 1087 1576 possent,
1116 1482 1177 1550 sed
1230 1485 1298 1554 tari
1322 1498 1355 1555 et
1369 1484 1489 1574 augeri
1503 1485 1614 1574 possit
1626 1483 1803 1554 academia
1821 1479 2119 1573 Witebergensis.
2172 1488 2228 1561 Ea

182 1601 332 1672 collatae
347 1598 391 1665 ad
407 1618 482 1679 eas,
508 1616 597 1686 quae
612 1604 747 1661 secutae
766 1603 866 1672 sunt,
887 1588 994 1657 ludus
1010 1586 1178 1676 locusque
1230 1610 1308 1677 spes
1323 1586 1494 1655 sollicitos
1510 1580 1634 1656 habuit
1648 1584 1810 1654 omnium
1825 1584 2060 1672 professorum
2081 1591 2228 1662 animos

186 1701 258 1772 dici
272 1708 447 1791 poterant.
496 1693 587 1762 Nam
604 1691 771 1762 nunciata
788 1704 901 1778 strage
919 1687 1090 1757 exercitus
1111 1708 1179 1751 no·
1230 1711 1305 1757 nou
1323 1688 1521 1757 volentium
1537 1681 1629 1756 banc
1644 1681 1801 1755 scholam
1816 1686 1996 1767 deserere,
2018 1688 2055 1756 in
2073 1714 2143 1782 qna
2159 1694 2226 1762 lux

185 1801 251 1873 stri
275 1814 309 1870 et
331 1808 515 1887 conspecta
535 1793 733 1864 tristissima
749 1791 861 1881 specie
881 1788 1123 1858 advolantium
1139 1808 1179 1853 ex
1231 1788 1412 1859 doctrinae
1441 1786 1599 1857 coebstis
1629 1787 1814 1879 splendere
1841 1785 1998 1877 primum
2024 1793 2155 1883 eoepit,
2190 1808 2227 1864 et

185 1899 468 1993 fuga,-denique
486 1894 653 1964 nunciata
669 1892 864 1962 calamitate
877 1886 1053 1959 Electoris
1069 1886 1180 1975 capti·
1231 1892 1346 1958 bonae
1367 1902 1460 1958 artes
1475 1884 1652 1958 Ecclesiae
1673 1888 1887 1958 necessariae
1907 1911 2037 1977 magno
2053 1917 2133 1962 cnm
2147 1896 2229 1965 fru-

186 2005 242 2088 vi,
272 2001 394 2070 nullus
417 1997 468 2066 ibi
490 1994 629 2065 animus
649 1993 718 2063 fuit
740 2008 811 2063 tam
835 1992 945 2059 celsus
962 2004 1031 2057 tam
1049 1990 1181 2069 firmus,
1232 2005 1291 2061 ctu
1315 1990 1509 2059 iuventutis
1531 1989 1680 2064 traditae
1704 2003 1737 2060 et
1761 1988 1955 2060 illustratae
1972 1990 2137 2079 fuerunt,
2164 2021 2229 2068 nec

189 2104 251 2197 qui
273 2125 346 2170 non
371 2098 488 2167 subito
511 2097 579 2165 isto
604 2107 741 2164 terrore
761 2115 905 2183 prorsus
920 2091 1180 2180 percelleretur.
1231 2106 1352 2161 tamen
1373 2091 1579 2160 audentium
1604 2091 1721 2160 redire
1738 2091 1776 2159 in
1792 2091 1917 2159 urbem
1934 2116 2009 2161 uon
2025 2095 2125 2185 prius
2143 2104 2255 2168 enni

188 2205 238 2277 Et
259 2200 421 2295 quamvis
442 2196 737 2288 periculosissima
758 2193 897 2263 obsidio
920 2191 1019 2260 urbis
1041 2202 1182 2259 nostrae
1234 2192 1357 2262 stituto
1380 2192 1462 2260 fisco
1484 2192 1704 2274 academiae,
1729 2204 1770 2262 ut
1791 2192 1879 2261 scire
1899 2196 2054 2283 possint,
2079 2223 2150 2290 qua
2168 2222 2230 2292 spe

189 2303 379 2373 metuenda
395 2310 494 2381 esset,
518 2297 728 2385 imperatore
744 2318 824 2363 curn
841 2293 992 2361 exercitu
1010 2316 1049 2358 ex
1064 2290 1181 2377 Torga
1235 2294 1495 2385 stipendiorum
1517 2293 1567 2361 ibi
1589 2294 1659 2363 sint
1682 2294 1794 2362 futuri
1819 2318 1899 2364 cum
1920 2300 2145 2370 aerumnosis
2157 2303 2231 2373 snio

191 2403 441 2483 descendente,
483 2412 600 2468 tamen
628 2420 707 2465 cnm
731 2393 866 2463 familia
888 2395 1008 2481 fugere
1032 2416 1073 2459 ex
1094 2393 1182 2459 urbe
1235 2395 1395 2478 familiis,
1428 2388 1586 2463 exhausti
1610 2394 1826 2486 sumptibus,
1855 2419 1947 2488 quos
1970 2396 2008 2467 in
2029 2395 2099 2470 hoc
2123 2404 2230 2476 exilio

190 2528 265 2575 nou
287 2502 407 2593 potui,
434 2523 492 2580 eo,
518 2499 612 2589 quod
635 2496 748 2567 nostri
770 2494 924 2587 equites,
959 2492 1079 2585 quiin
1102 2493 1182 2578 suga
1235 2518 1381 2583 magnos
1401 2495 1572 2566 fecerunt.
1622 2492 1838 2566 Constitutio
1862 2510 1980 2567 autem
2001 2500 2075 2572 fisci
2098 2519 2231 2576 cotar-

190 2605 309 2676 onmia
326 2626 388 2670 sua
405 2600 643 2691 perdiderant,
668 2595 967 2666 sinediscrimiue
985 2609 1054 2662 tam
1071 2594 1184 2660 socios
1237 2596 1317 2666 dior
1338 2609 1407 2680 est,
1441 2597 1537 2688 quod
1559 2597 1725 2690 princeps
1748 2597 1822 2689 ipse
1845 2599 1934 2670 abiit
1954 2602 1997 2670 ad
2015 2620 2231 2679 conventum
2291 2674 2294 2689 ,

190 2729 297 2801 quam
317 2699 435 2771 hostes
450 2701 669 2791 spoliabant,
698 2712 732 2767 et
747 2696 1007 2787 direptionibus
1025 2694 1185 2763 tristibus
1237 2694 1501 2786 Augustanum,
1544 2721 1610 2766 uec
1643 2713 1745 2770 autea
1777 2699 1931 2794 aliquam
1965 2727 2087 2774 rerum
2121 2709 2232 2780 eecle-

191 2829 313 2877 omues
338 2805 413 2871 viae
436 2813 536 2870 eraut
560 2801 717 2870 infestae.
769 2796 890 2866 Mansi
906 2795 1013 2885 igitur
1031 2795 1185 2863 inclusus
1237 2800 1456 2868 siasticarum
1478 2811 1513 2868 et
1527 2793 1815 2870 scholasticarum
1832 2802 1995 2875 omnium
2018 2830 2142 2878 curam
2167 2836 2235 2903 po·

191 2933 271 2978 cum
295 2887 384 2974 meis
406 2903 444 2970 iu
469 2902 599 2993 oppido
615 2902 654 2969 in
673 2913 749 2969 toto
766 2912 924 2989 ternpore
938 2897 1041 2979 belli,
1064 2896 1127 2965 ubi
1148 2895 1185 2961 in
1238 2914 1402 2969 stremam
1419 2901 1582 2991 suscepit.
2086 2896 2093 2901 ’

192 3007 334 3102 quantis
356 3003 543 3096 periculis,
573 3004 611 3070 in
629 3001 771 3095 quantis
786 3000 980 3068 terroribus
999 3012 1033 3066 et
1047 3021 1186 3065 moero·
1339 2999 1466 3070 Vocati
1486 3014 1571 3070 sunt
1591 3016 1623 3073 et
1648 2996 1835 3097 Philippus
1856 3021 1890 3078 et
1913 3008 1974 3078 alii
1998 3010 2068 3082 alio
2094 3018 2234 3106 magnis

192 3111 293 3179 ribus
314 3131 394 3175 cum
418 3105 497 3173 aliis
512 3105 659 3187 fuerim,
688 3125 763 3170 non
780 3100 862 3169 licet
878 3099 1039 3169 brevitati
1057 3098 1186 3187 episto·
1239 3102 1403 3193 praemiis
1425 3103 1633 3194 propositis3
1663 3107 1722 3172 sed
1747 3129 1829 3174 suae
1852 3112 2068 3182 constantiae
2084 3139 2160 3187 esse
2177 3119 2236 3189 in·

192 3211 259 3279 lari
284 3207 476 3296 explicare,
512 3218 545 3273 et
566 3217 680 3272 vestra
704 3202 917 3289 generositas
941 3201 1100 3291 ipsapro
1124 3222 1185 3268 sua
1239 3205 1414 3286 dicarunt,
1441 3217 1630 3294 expectare,
1656 3219 1696 3276 ut
1711 3207 1993 3293 vi‹terent,.num
2009 3216 2103 3287 serio
2120 3243 2236 3292 novus

193 3308 380 3398 sagacitate
397 3306 581 3373 aestimare
596 3302 737 3393 poterit.
1240 3305 1407 3374 dominns
1420 3298 1560 3373 scholae
1577 3305 1868 3378 instaurationem
1884 3315 2060 3404 suscipere
2077 3319 2176 3396 velit.

294 3404 515 3474 llortabatur
542 3427 597 3471 me
623 3402 791 3470 dominus
814 3393 1032 3494 Philippus,
1062 3400 1187 3490 primis
1339 3402 1409 3474 Hic
1431 3417 1482 3474 est
1496 3402 1706 3477 Academiae
1729 3424 1869 3482 nostrae
1891 3429 2021 3498 status,
2045 3408 2154 3510 quem
2177 3424 2235 3494 in·

194 3508 339 3590 diebus,
371 3530 451 3576 curu
474 3517 597 3596 portae
620 3499 737 3572 adhuc
758 3514 918 3593 paterent
941 3501 1050 3570 ternis
1073 3502 1187 3570 literis
1240 3504 1357 3575 dicare
1374 3518 1508 3574 vestrae
1524 3509 1746 3596 generositati
1764 3501 1960 3585 votui'cum
1976 3518 2014 3585 in
2030 3520 2164 3594 vicinia
2181 3551 2237 3597 es-

192 3613 238 3682 ad
252 3608 499 3701 capessendam
514 3607 652 3693 fugam,
676 3618 717 3674 nt
732 3626 787 3671 me
801 3603 870 3672 sibi
886 3603 1041 3671 exrrlanti
1058 3603 1187 3670 adiun·
1239 3631 1332 3691 sem,
1364 3607 1501 3678 omissis
1524 3611 1674 3694 negotiis
1697 3610 1798 3696 belli,
1832 3639 1922 3705 qnae
1943 3642 1983 3687 ex
2005 3621 2086 3692 aliis
2110 3629 2236 3699 audire

192 3735 331 3803 gereni,
356 3709 434 3790 sed,
459 3721 499 3777 ut
515 3706 608 3791 dixi,
633 3718 779 3796 propter
793 3702 978 3773 latrocinia
995 3703 1105 3791 magis
1122 3730 1186 3772 uo·
1240 3709 1378 3798 poterit.
1417 3705 1507 3778 Cum
1522 3709 1631 3797 igitur
1646 3713 1758 3780 otium
1776 3715 1880 3786 nobis
1897 3743 1916 3787 a
1932 3719 2236 3800 lectionibns‘iam

193 3826 348 3883 strornm
374 3809 532 3900 equitum
555 3807 750 3896 palantium
775 3829 880 3896 quam
906 3799 1080 3887 hostium,
1112 3830 1185 3874 non
1240 3810 1407 3878 omnibus
1428 3810 1537 3878 ferme
1562 3812 1685 3883 datum
1710 3829 1815 3901 esset,
1840 3820 1938 3889 volui
1956 3816 2024 3893 hoc
2042 3822 2236 3902 authumni

189 3915 244 3993 sui
261 3935 376 3996 ausus,
403 3934 521 3995 meum
539 3908 708 3999 pusillum
724 3928 861 3994 gregem
879 3905 1045 3995 periculis
1064 3907 1187 3977 certis-
1240 3925 1397 4001 tempore
1431 3935 1543 3979 meam
1580 3913 1752 3983 familiam
1787 3917 1825 3986 in
1860 3922 2011 4010 patriam
2044 3931 2236 4018 adducere,

187 4014 293 4087 'simis
317 4034 502 4103 exponere.
554 4008 609 4078 lbi
627 4009 873 4089 obsessa‘nrbe
889 3999 1090 4102 Philippus
1107 4031 1186 4077 cum
1239 4035 1385 4104 eamque
1421 4011 1648 4101 popularibus
1681 4018 1769 4085 meis
1800 4025 2069 4114 commendare,
2106 4046 2165 4114 nt,
2205 4037 2236 4105 si

191 4110 329 4199 familia
352 4112 455 4180 cessit
475 4134 515 4180 ex
539 4106 714 4180 Zerbcsla
738 4101 1068 4201 Magdebnrguin;
1102 4108 1186 4176 inde
1239 4112 1324 4205 quid
1337 4107 1425 4179 mihi
1442 4108 1637 4184 humanum
1653 4119 1839 4205 accideret,
1857 4121 1949 4195 sicut
1964 4148 2044 4197 sum
2063 4131 2235 4206 imbecilli

192 4215 318 4309 petivit
332 4208 601 4305 Brunseigom.
635 4208 690 4282 Ea
707 4230 750 4280 eo
762 4212 839 4280 loco
859 4209 1030 4278 concessit
1045 4209 1088 4277 ad
1104 4209 1186 4297 iuga
1232 4213 1403 4306 corpore,
1431 4229 1465 4284 ct
1481 4238 1607 4303 parum
1623 4230 1684 4286 aut
1698 4214 1791 4288 nihil
1808 4247 1952 4313 prorsus
1966 4230 2020 4297 rei
2035 4231 2161 4306 liberis
2175 4260 2236 4307 re-

192 4315 362 4391 Hcrciuia
397 4315 434 4384 in
457 4315 629 4407 oppidum
653 4312 835 4405 imperiale
855 4303 1091 4396 Noukeria,
1122 4311 1186 4380 ubi
1238 4315 1400 4408 linquere
1416 4339 1569 4406 possum,
1591 4312 1893 4394 haberenttamen
1909 4329 2067 4403 coniunx
2081 4349 2117 4406 et
2132 4337 2236 4410 liberi

186 4420 327 4509 bonam
353 4430 486 4509 partem
503 4414 642 4488 aestatis
662 4415 802 4486 delituit
818 4438 898 4483 cum
913 4413 1060 4486 familia.
1111 4410 1188 4483 Alii
1239 4417 1393 4510 aliquos,
1427 4417 1490 4508 qni
1515 4418 1675 4509 ipsorum
1697 4447 1817 4493 curam
1839 4443 1954 4516 agant.
2019 4430 2070 4504 Et
2093 4438 2234 4511 decrevi

192 4520 423 4613 professores,
449 4518 513 4611 qni
529 4515 762 4606 Magdeburgi
780 4518 921 4586 fuerant
936 4539 1000 4606 per
1012 4511 1188 4609 hyemem,
1238 4520 1332 4589 intra
1357 4518 1595 4611 quadriduum
1615 4517 1699 4593 hinc
1720 4524 1817 4594 abire
1837 4527 1965 4599 iterum
1988 4531 2026 4600 in
2043 4534 2237 4612 Samnium

194 4645 276 4693 cum
299 4620 361 4691 illo
386 4621 465 4689 loco
487 4620 592 4689 etiam
614 4617 810 4709 pericnlum
825 4617 1045 4701 immineret,
1071 4630 1187 4686 trans·
1239 4634 1272 4689 et
1297 4635 1511 4689 conventum
1534 4617 1675 4692 scholae
1698 4640 1838 4695 nostrae
1861 4645 2060 4720 expectare,
2092 4664 2186 4733 quae
2207 4647 2236 4713 si

192 4722 352 4795 tulerunt
368 4742 448 4789 suas
462 4719 613 4789 familias
633 4731 668 4789 et
682 4718 817 4787 reculas
833 4719 872 4788 in
887 4713 1069 4787 Marchiae
1084 4717 1187 4808 oppi·
1238 4745 1312 4789 nou
1337 4722 1559 4805 restituetur,
1591 4723 1659 4794 erit
1680 4721 1768 4795 mibi
1793 4728 1880 4798 alibi
1896 4731 1994 4802 locus
2011 4746 2236 4827 quaerendus

193 4825 281 4895 dum
298 4814 459 4915 Steudel,
484 4821 549 4889 nbi
565 4813 681 4890 adhuc
699 4821 843 4909 degunt,
866 4842 1071 4889 neecorum
1088 4820 1187 4912 quis·
1239 4836 1300 4893 aut
1316 4821 1449 4891 diutius
1466 4823 1690 4894 exulandum.
1763 4870 1766 4878 ·
2236 4834 2240 4839 '

193 4947 300 5020 quam
315 4920 485 4991 familiam
502 4919 898 5009 Vitebergamreduxit,
922 4934 983 4990 aut
998 4919 1072 5010 ipse
1086 4944 1188 4989 mau—
1339 4921 1453 4993 Deum
1480 4948 1561 5004 oro,
1594 4940 1634 4997 ut
1655 4927 1792 5018 mitiget
1816 4933 1904 5002 iram
1928 4959 2048 5024 suam,
2081 4967 2130 5013 ne
2157 4970 2236 5017 cum

194 5049 297 5096 surus
319 5048 361 5093 eo
386 5021 502 5095 rediit.
553 5019 659 5094 solus
674 5014 877 5116 Philippus
892 5022 1013 5091 multis
1030 5021 1187 5109 epistolis
1240 5026 1435 5094 mutatione
1462 5024 1691 5114 inaperiorum
1722 5032 1826 5100 etiam
1853 5036 1969 5106 studia
1994 5041 2053 5130 pia
2077 5047 2236 5138 extingui

192 5141 338 5196 vocatus
362 5125 408 5194 ad
432 5136 648 5195 conventum
666 5123 937 5213 provincialem,
970 5122 1033 5215 qni
1046 5121 1190 5214 Lipsiae
1240 5126 1344 5200 sinat.
1394 5125 1543 5195 Necesse
1566 5141 1620 5197 est
1644 5131 1739 5198 enim
1763 5137 1905 5205 vastatis
1922 5134 2054 5211 scholis
2069 5162 2238 5241 magnam

192 5227 435 5299 celebrabatur
462 5227 553 5295 circa
576 5221 815 5313 Margaretae,
852 5224 938 5293 inde
963 5222 1191 5314 Vitcbergam
1241 5227 1374 5318 ulique
1389 5228 1588 5296 barbariem
1604 5231 1721 5324 sequi,
1748 5257 1812 5304 nec
1825 5237 1961 5328 puritas
1976 5242 2163 5320 doctrinae
2183 5276 2239 5323 ee·

190 5329 306 5410 venit,
331 5327 395 5396 ubi
411 5350 489 5395 eum
506 5325 626 5396 abiens
644 5323 682 5393 in
699 5324 849 5415 patriam
865 5327 900 5399 6.
919 5325 977 5393 die
994 5324 1191 5416 septembr.
1243 5328 1453 5397 clesiasticae
1476 5329 1620 5398 retineri
1645 5334 1811 5422 neglectis
1833 5340 1959 5410 studiis
1979 5342 2189 5434 liuguam'm
2206 5371 2240 5425 et

141 5420 148 5430 ’
190 5430 230 5501 ἰιι
251 5427 339 5501 meis
363 5427 511 5498 aedibus
533 5440 810 5499 commorantem
835 5427 966 5520 reliqui
981 5441 1191 5519 occupatum
1243 5430 1371 5499 artium
1386 5429 1537 5520 poterit·
1577 5430 1693 5502 Tuam
1710 5439 1978 5527 generositatem
1992 5468 2083 5535 oro,-
2101 5430 2152 5529 ur
2169 5456 2242 5527 mk
