4882 6436
289 342 344 418 28
880 326 1333 413 Erlsronatttttt'
1376 328 1484 410 LlB.
1509 328 1556 404 Χ.
1608 323 1741 402 1646.
2288 321 2339 395 at

297 516 359 587 dio
388 514 673 586 benevolentiam
704 523 857 583 vestram
886 535 1024 605 semper
1053 511 1130 580 fore
1161 518 1290 599 sperat,
1342 514 1410 587 tes,
1435 499 1610 590 fugientes
1625 498 1734 571 idola.
1791 491 1896 567 Hanc
1911 494 2111 567 societatem
2126 494 2157 563 si
2171 493 2341 585 intelligit

296 619 479 711 petiverit,
520 629 561 688 ut
599 611 687 686 haec
722 616 967 688 scriberemus.
1033 611 1107 682 Nos
1150 630 1291 703 quoque
1342 604 1467 673 foedus
1481 599 1677 688 Ecclesiae,
1703 600 1806 670 doleo
1821 599 1897 669 eius
1914 598 2040 671 vicem.
2089 593 2187 666 Haec
2204 596 2341 687 scripsi,

296 719 453 788 vicissim
484 733 605 789 nostra
636 717 751 805 officia
783 714 829 789 R.
853 713 899 790 D.
921 715 1070 785 Vestrae
1090 725 1292 783 reverenter
1343 720 1384 776 ut
1406 704 1544 785 videas,
1578 727 1648 796 qna
1669 703 1766 773 nitar
1782 723 1912 771 ancora
1930 700 1969 768 in
1984 699 2092 771 tantis
2108 698 2341 769 dissidiorum

298 822 501 895 deferimus.
566 816 664 889 Bene
701 832 735 889 et
770 818 921 889 feliciter
954 819 1069 888 valeat
1096 812 1142 888 Pa.
1172 811 1217 887 D.
1247 810 1293 886 V.
1343 806 1621 898 tempestatibus.
1681 803 1848 876 sustento
1871 803 1967 871 enim
1988 825 2046 870 me
2066 796 2123 870 hi,
2139 800 2282 870 verbi„
2308 800 2341 869 ,i

298 919 368 993 Die
384 923 500 1015 Pfi¹¹¹0
516 918 621 995 Febr·
640 916 749 995 1546·
1345 909 1424 1002 quis
1461 908 1579 997 diligit
1609 930 1683 991 me,
1726 925 1905 975 sermones
1934 925 2031 974 meos
2060 902 2233 988 servabit,
2274 915 2341 974 etc.

712 1054 804 1144 Aug,
831 1051 985 1127 Schurffi
1009 1049 1055 1127 D,
1343 1009 1441 1080 Bene
1454 1010 1543 1082 vale.
1594 1005 1741 1089 Calend.
1762 1006 1868 1078 Febr.
1886 1001 1998 1081 1546.

717 1155 806 1230 Geo.
821 1141 964 1241 Rhaw,
989 1148 1241 1249 typographus.
1446 1150 1633 1227 Adamum
1667 1156 1735 1229 tibi
1768 1156 1977 1227 commendo
2012 1151 2202 1225 honestum
2236 1151 2339 1220 iuve-

354 1327 442 1408 (Mel.
462 1328 661 1412 composuit.)
676 1325 710 1409 *)
1343 1280 1438 1332 nem.

313 1574 532 1591 *ns-

1344 1673 1531 1751 Nossot.

307 1743 374 1817 tvo.
390 1744 503 1820 esso.
749 1736 757 1743 ·
1119 1749 1290 1870 Q
1344 1771 1514 1798 m
1556 1824 1563 1832 ‚
2167 1727 2339 1800 α.»

663 1947 726 2032 M.
759 1944 938 2033 corteno.
1699 1871 1988 1958 NMedtero.

1414 2030 1438 2085 tt
1461 2033 1524 2087 cod.
1548 2029 1645 2087 Bavari
1667 2033 1698 2114 ¹·.
1713 2050 1741 2103 p.
1759 2032 1839 2088 1054.
1863 2051 1878 2088 a
1897 2031 2006 2090 Danzio
2030 2050 2074 2104 ep.
2091 2032 2136 2087 62.
2154 2031 2240 2097 edita.
2263 2049 2338 2088 nnnc

371 2109 449 2178 *llis
467 2125 560 2180 apogr.
578 2107 608 2161 in
626 2106 691 2163 cod.
709 2106 795 2161 Paris.
815 2107 850 2160 D.
868 2108 903 2158 L.
918 2106 983 2159 54³.
1446 2119 1478 2153 ex
1496 2102 1593 2155 eodem
1612 2102 1757 2173 descrtpta.

303 2256 495 2355 Magistro
525 2252 747 2332 Mattheo
781 2251 991 2346 Callisto,
1024 2257 1063 2327 in
1091 2251 1293 2330 Academia
1474 2244 1589 2321 Dom.
1613 2243 1725 2320 Docl.
1750 2242 1960 2323 Nicolao
1986 2239 2210 2322 Medlero.

700 2354 896 2454 PWSW·
1344 2379 1388 2469 S.
1414 2395 1461 2472 D.
1510 2395 1721 2469 Reverende
1741 2393 1787 2470 D.
1811 2394 1965 2484 Doctor,
1992 2411 2027 2468 et
2050 2399 2162 2467 amice
2182 2394 2337 2491 cariss.¹)

304 2474 349 2566 S.
374 2495 421 2571 D.
473 2495 685 2568 Doctissime
702 2507 737 2565 et
752 2494 928 2564 carissime
940 2490 1093 2566 Colline.
1141 2490 1294 2565 Etiamsi
1343 2498 1423 2571 Etsi
1451 2498 1520 2591 piis
1548 2500 1717 2569 omnibus
1751 2499 1791 2567 in
1819 2511 1917 2570 tanta
1939 2500 2146 2569 confusione
2169 2501 2339 2568 maxima.

302 2602 442 2690 fingnnt
458 2603 590 2689 poe'tae,
613 2610 711 2667 ortos
720 2620 792 2665 esse
809 2592 972 2664 homines
988 2620 1029 2663 ex
1046 2595 1151 2664 saxis:
1178 2611 1296 2667 tamen
1345 2627 1426 2674 rum
1436 2598 1466 2697 ²)
1483 2603 1636 2692 optanda
1654 2615 1836 2687 moreest,
1861 2624 1950 2694 quae
1966 2614 2018 2671 est
2031 2603 2100 2671 iter
2116 2602 2158 2671 ad
2174 2601 2338 2671 dulcissi.

303 2728 360 2772 me
383 2703 496 2771 fateor
520 2699 625 2767 molle
653 2712 774 2789 pectus
796 2693 944 2776 habere,
977 2721 1017 2766 ac
1041 2720 1143 2789 saepe
1158 2699 1296 2766 moveri
1345 2729 1439 2775 mam
1454 2702 1747 2773 consuetudinem
1762 2726 1842 2772 cum
1855 2700 1954 2788 Deo,
1979 2703 2053 2772 filio
2067 2699 2157 2787 Dei,
2182 2698 2340 2794 prophe.

304 2819 339 2875 ct
365 2801 506 2873 concuti
537 2801 750 2870 clamoribus
772 2799 1077 2881 adversariorum,
1112 2798 1175 2892 qui
1200 2801 1297 2868 voci·
1346 2807 1391 2877 tis
1417 2817 1453 2874 et
1476 2805 1664 2896 apostolis,
1696 2816 1816 2874 tamen
1832 2804 1970 2897 aliquos
1985 2804 2133 2874 idoneos
2149 2806 2191 2873 ad
2206 2807 2338 2893 guber.

303 2908 482 2984 ferantur‚
524 2927 589 2973 nos
613 2902 798 2972 seditiosos
819 2924 892 2971 esse
916 2912 952 2969 et
973 2895 1149 2969 Ecclesiae
1168 2894 1297 2976 hostes.
1347 2907 1529 2977 nationem
1551 2906 1672 2976 vivere
1695 2929 1834 2975 necesse
1854 2919 1907 2976 est
1927 2919 2071 2997 propter
2089 2902 2282 2975 Ecclesiam
2304 2921 2339 2976 et

304 3007 417 3099 Saepe
440 3005 549 3096 igitur
574 3028 710 3073 mecum
733 3004 894 3096 disputo,
926 3025 990 3072 cur
1018 3024 1157 3071 necesse
1178 3002 1225 3073 sit
1245 3029 1297 3088 ea,
1346 3002 1540 3087 πολιτείας.
1598 3006 1718 3096 Quare
1732 3008 1857 3092 doleo,
1888 3030 1954 3075 nos
1969 3008 2126 3076 amisisse
2140 3008 2338 3098 principem

305 3134 395 3204 quae
426 3110 610 3189 docemus,
648 3106 821 3192 retinere,
862 3130 901 3174 ac
931 3104 1095 3196 disputo,
1137 3106 1297 3196 sepositis
1347 3104 1590 3204 Erneslum’)
1611 3124 1770 3199 tempore
1785 3110 1888 3178 valde
1901 3108 2054 3193 difficili3
2088 3109 2190 3177 doleo
2208 3103 2338 3179 etLo·

305 3213 486 3282 interdurn
515 3208 628 3278 titulis
657 3209 810 3299 partium
839 3230 879 3277 ac
900 3206 1111 3290 factionum5
1155 3231 1298 3299 quaero,
1347 3233 1474 3280 nerum
1502 3206 1680 3279 Ecclesiae
1711 3233 1794 3279 suae
1830 3223 1990 3300 ereptum
2021 3234 2113 3296 esse,
2153 3234 2192 3279 ac
2217 3226 2337 3281 metuo

305 3313 412 3408 quid,
452 3333 515 3379 cur
542 3309 767 3378 sentiendum
796 3310 856 3392 sit,
897 3321 932 3376 et
962 3308 1000 3374 in
1026 3302 1092 3377 hac
1123 3310 1296 3379 sententia
1345 3335 1511 3403 magnam
1532 3312 1609 3380 fore
1633 3323 1667 3380 et
1688 3309 1923 3402 perniciosam
1940 3335 1981 3380 eo
2000 3311 2077 3380 loco
2095 3313 2340 3382 mutationem.

305 3414 510 3510 acquiesco,
543 3434 624 3480 cum
649 3435 721 3480 non
743 3411 854 3493 simus
870 3406 1056 3499 Epicurei,
1088 3410 1298 3481 sedsentia·
1346 3412 1443 3484 Deus
1464 3425 1579 3482 servet
1603 3412 1682 3504 pios
1708 3413 1962 3503 gubernatores
1984 3414 2119 3506 ubique
2143 3416 2336 3484 terrarum!

303 3541 384 3586 mus
400 3539 481 3584 vere
500 3536 573 3582 esse
588 3509 722 3597 Deum,
756 3526 789 3583 et
811 3507 903 3581 hanc
919 3511 1030 3601 ipsam
1045 3512 1241 3581 doctrinam
1259 3513 1297 3580 in
1344 3513 1423 3603 Ego
1447 3538 1521 3585 non
1543 3537 1622 3584 sum
1645 3514 1772 3583 missus
1787 3512 2041 3601 Ratisbonam,
2073 3518 2135 3584 sed
2155 3508 2339 3609 Georgius

303 3616 463 3690 Ecclesia
476 3640 538 3705 per
549 3609 740 3706 prophetas
757 3628 792 3685 et
807 3614 984 3705 apostolos
997 3613 1163 3684 traditam
1177 3637 1297 3684 veram
1345 3611 1501 3701 Maior,
1528 3640 1548 3686 a
1570 3640 1641 3708 quo
1669 3618 1831 3686 nondum
1847 3616 1966 3686 literas
1990 3617 2198 3706 accepimus.
2247 3615 2339 3686 Nam

305 3744 378 3791 esse
411 3734 444 3789 et
473 3718 631 3796 firmam,
682 3718 876 3786 necessario
917 3738 992 3783 eam
1027 3717 1231 3785 discendam
1262 3729 1298 3786 et
1347 3720 1493 3810 opinor,
1532 3718 1689 3808 primum
1732 3741 1792 3786 eos
1827 3719 1963 3787 venisse
1991 3716 2227 3789 Ratisbonam
2256 3734 2338 3789 ante

304 3820 585 3913 amplectendam
624 3839 698 3885 esse
737 3842 874 3889 censeo.
940 3812 1102 3911 Cumque
1134 3830 1297 3886 aeternus
1347 3820 1545 3893 octiduum.
1608 3814 1684 3888 Alii
1719 3819 1897 3902 scribunt,
1936 3822 2098 3891 nondum
2137 3821 2244 3890 fuisse
2281 3823 2340 3889 in-

303 3935 403 4014 pater
437 3922 480 3990 de
509 3918 690 4006 filiosuo,
726 3921 873 3990 domino
895 3929 1015 3988 nostro
1041 3916 1121 3987 lesu
1141 3914 1297 4004 Christo,
1347 3915 1493 3991 choatos
1515 3943 1723 4010 congressus
1744 3920 1976 3991 eruditorum.
2028 3919 2205 3990 Viennam
2224 3924 2340 3992 redie-

304 4022 468 4092 crucifixo
496 4045 562 4111 pro
593 4020 697 4090 nobis
726 4037 761 4092 et
784 4022 1006 4104 resuscitato,
1048 4022 1159 4090 dicat:
1200 4016 1297 4090 hunc
1345 4037 1431 4094 runt
1454 4022 1577 4112 legati,
1617 4022 1679 4117 qui
1701 4022 1862 4114 proximo
1885 4018 2020 4092 lulioa
2048 4021 2206 4092 Venetiis
2223 4026 2339 4093 solve-

198 4180 204 4187 .
303 4123 440 4194 audite!
485 4145 613 4215 sequor
627 4115 723 4190 hunc
746 4140 781 4196 et
796 4126 902 4194 audio
921 4124 959 4189 in
973 4118 1150 4207 Ecclesia,
1183 4122 1297 4207 idest,
1346 4138 1450 4209 runt,
1490 4118 1570 4220 ιη’)
1594 4123 1756 4193 inducias
1781 4147 1800 4191 a
1824 4120 1977 4193 Turcico
2001 4137 2153 4219 tyranno
2170 4138 2341 4218 peterent.

301 4226 512 4296 circumfero
552 4223 773 4293 eruditorum
816 4225 1017 4294 sententias.
1080 4222 1177 4293 Haec
1216 4249 1296 4293 cum
1346 4221 1526 4295 Adserunt
1551 4224 1659 4294 unius
1682 4224 1769 4293 anni
1793 4217 2005 4319 ἆνακωχήν.
2063 4225 2171 4298 Mitto
2197 4227 2341 4318 tibipa-

301 4328 415 4413 facio,
447 4351 521 4396 non
548 4324 646 4395 aliud
670 4347 779 4414 genus
803 4328 984 4397 doctrinae
1007 4326 1045 4393 in
1064 4325 1296 4395 sontibusin-
1347 4328 1466 4417 gellas.
1536 4323 1579 4395 ln
1607 4326 1747 4416 legibus
1776 4328 1907 4397 nostris
1936 4329 1976 4397 in
2007 4326 2077 4396 fine
2108 4329 2341 4400 conciuncula

302 4430 408 4500 venio
427 4453 533 4521 qnam
549 4429 643 4521 quod
661 4427 825 4519 amplecti
842 4454 897 4498 me
914 4430 1075 4497 ostendo.
1123 4425 1197 4497 Nec
1214 4442 1296 4498 sunt
1346 4428 1496 4500 Paulina
1539 4440 1722 4523 utcunque
1766 4430 1908 4499 recitata
1946 4444 2015 4516 est,
2068 4453 2174 4522 quam
2222 4431 2339 4521 legito.

304 4534 474 4601 obscurae
499 4530 776 4616 controversiae,
815 4554 880 4599 nec
906 4530 1064 4599 difficilis
1087 4530 1295 4600 diiudicatio
1348 4528 1498 4601 Gaudeo
1522 4543 1556 4600 te
1582 4532 1702 4600 abesse
1722 4553 1742 4599 a
1763 4528 1974 4620 Nauburga,
2005 4543 2208 4624 taqueum,
2232 4532 2341 4603 ntso-

304 4646 355 4704 est
391 4631 617 4701 mediocriter
656 4631 779 4704 doctis.
844 4629 1001 4702 Tantum
1042 4626 1110 4699 hoc
1140 4632 1297 4721 postulat
1346 4630 1627 4701 vens'Ecclesiae
1651 4630 1920 4702 Brunsvicensis
1943 4632 2180 4703 concordiam.
2242 4632 2340 4704 Bene

309 4729 485 4828 Wtus¹),
519 4745 559 4801 ut
591 4733 820 4824 profiteamur
855 4756 921 4802 nos
952 4733 1042 4801 velle
1077 4733 1191 4802 socios
1225 4729 1296 4801 esse
1346 4734 1434 4807 vale.
1486 4732 1643 4805 Salutem
1668 4748 1751 4824 opto
1775 4728 1820 4800 D.
1841 4726 1985 4827 Nigro,
2023 4733 2102 4803 viro
2124 4735 2339 4810 doctissimo.

303 4836 585 4929 parricidarum,
618 4834 681 4927 qui
705 4834 923 4905 interficiunt
945 4829 1108 4904 homines
1125 4834 1298 4904 innocen·
1346 4832 1415 4905 Die
1430 4835 1665 4917 sanctissimo,
1688 4860 1760 4928 quo
1779 4834 1871 4905 filius
1888 4834 1954 4906 Dei
1970 4837 2009 4904 in
2026 4837 2198 4927 templum
2213 4838 2340 4907 allatus

1346 4937 1523 5027 ostendit,
1566 4960 1602 5005 se
1632 4937 1909 5028 primogenitum
1935 4961 2008 5007 esse
2031 4937 2259 5039 praecipuum
2282 4940 2339 5008 di-

303 5024 510 5042 Μ

338 5155 368 5226 *l
383 5155 487 5211 Utrum
500 5153 566 5207 baec
581 5154 664 5208 verba
680 5150 748 5207 lecta
760 5151 862 5207 luerint
880 5151 910 5205 in
923 5149 1033 5212 codiee.
1057 5168 1091 5203 an
1105 5148 1240 5221 adscripta
1253 5148 1296 5203 iu-

374 5223 447 5279 dicio
466 5220 666 5289 Ballenstedtii,
697 5238 755 5274 non
781 5219 892 5292 quidem
912 5218 1030 5291 dicitur,
1061 5218 1108 5273 sed
1128 5217 1187 5272 sine
1212 5218 1296 5273 dubio

372 5292 503 5348 Dallsnst.
523 5310 555 5375 eq
573 5290 640 5372 legit⁸
657 5291 684 5373 in
703 5290 808 5375 codice.
852 5288 956 5372 Utiqpe
973 5287 1041 5344 ltaec
1061 5287 1174 5369 epistola
1186 5286 1296 5370 Melan-

373 5361 485 5417 tltonens
504 5378 553 5433 qus
569 5376 723 5432 saepemque
739 5361 855 5415 altorum
876 5374 1030 5415 amarorum
1051 5374 1165 5412 nomme
1179 5357 1296 5429 sempsit,
1379 5346 1408 5413 2)
1425 5344 1548 5400 Εῐῦὶἆῑῐῑ
1571 5361 1683 5415 rervm,
1705 5342 1749 5397 vel
1767 5338 1863 5395 timist-

372 5440 515 5487 auctorem
529 5429 628 5484 babere
640 5436 738 5501 potest.
1378 5426 1409 5499 8)
1427 5427 1589 5499 Emestum,
1615 5427 1725 5481 Ducem
1744 5422 1995 5493 Lunebmgensem.

340 5518 369 5578 ll
386 5516 469 5574 Vitas
489 5513 686 5573 Amerbaclsius
701 5514 731 5571 in
748 5513 896 5574 Academia
911 5510 1120 5587 lngolstadiana.
1379 5515 1409 5584 4)
1426 5521 1457 5567 ut
1474 5508 1572 5583 scripsi
1590 5528 1642 5583 pro
1659 5528 1708 5579 as,
1740 5508 1813 5579 qnod
1832 5508 1915 5565 codex
1933 5508 2020 5564 babet.

1381 5263 1409 5327 1)
1427 5260 1500 5315 llaec
1515 5261 1595 5314 Dans
1625 5254 1814 5331 praetermisit.
