4882 6426
327 306 399 384 115
522 420 525 426 Ι

345 478 539 557 matu.
632 460 635 473 ’

333 574 546 619 Q

1170 480 1318 573 18.Apr‘.

1173 585 1309 616 Μ

621 685 740 771 Hier.
767 681 1023 775 Statedenia

398 837 495 894 Manlii
512 839 612 913 farrag.
630 862 657 914 p.
669 843 755 900 teob.

328 993 601 1070 Honestissima
635 1000 730 1088 uiro,
771 997 826 1077 D.
859 1001 1142 1098 Hieronymo
1176 998 1319 1071 Stau-

328 1093 360 1167 d
363 1120 430 1185 en,
454 1099 493 1169 in
508 1097 641 1200 oppida
654 1099 884 1188 Stendaline,
909 1105 1027 1175 amico
1040 1114 1071 1175 et
1087 1112 1319 1175 conterraneo

707 1201 940 1281 chiarissimo.

328 1327 370 1418 S.
386 1344 431 1422 D.
462 1347 569 1422 Hunc
583 1350 795 1441 Magistrum
811 1349 991 1424 Ioannem
1008 1346 1199 1422 Francum
1216 1353 1318 1423 mitto

259 1485 262 1494 ·
327 1454 477 1533 advos,
510 1467 550 1522 ut
567 1455 732 1524 audiatur
747 1456 785 1523 in
799 1453 956 1527 Ecclesia
981 1451 1201 1528 Werbensi:
1235 1456 1318 1548 quia

328 1575 408 1644 spes
436 1568 487 1623 est
517 1555 612 1635 fore,
643 1571 685 1626 ut
710 1558 777 1649 ipsi
801 1583 841 1627 ea
861 1555 1019 1628 Ecclesia
1040 1559 1317 1629 commendetur.
1348 1628 1355 1639 ,

326 1652 395 1724 Vir
417 1650 605 1741 honestus,
641 1672 676 1727 et
696 1659 779 1727 satis
797 1662 921 1729 doctus
941 1673 1010 1730 est:
1045 1672 1080 1729 et
1096 1672 1199 1727 antea
1215 1659 1317 1728 bien·

324 1757 386 1826 nio
411 1758 480 1829 fuit
503 1758 541 1826 in
563 1758 761 1831 ministerio
783 1757 1026 1832 Ecclesiastico
1049 1762 1087 1829 in
1107 1755 1317 1854 Bernburg.

323 1853 450 1927 Postea
475 1861 520 1928 ad
541 1857 768 1930 Academiam
795 1863 921 1948 rediit,
954 1863 1214 1932 confirmandae
1236 1887 1317 1933 eru-

324 1959 474 2036 ditionis
507 1960 627 2031 causa:
674 1977 709 2033 et
742 1965 928 2054 coniugem
961 1960 1084 2047 habet,
1125 1978 1158 2034 et
1191 1965 1316 2037 filium.

323 2057 545 2156 Commendo
566 2063 668 2132 vobis
691 2060 884 2139 hominem.
935 2063 989 2135 De
1006 2062 1051 2134 D.
1065 2061 1231 2135 Erasmo
1246 2061 1316 2133 Al-

323 2159 408 2231 bero
430 2165 569 2248 scitote,
595 2189 676 2235 eum
692 2167 866 2256 proficisci
886 2169 931 2237 ad
946 2166 1114 2240 Francos.
1143 2181 1315 2238 vocarunt

323 2265 417 2333 enim
442 2291 523 2335 eum
545 2258 877 2361 Rutenburgenses.
940 2267 1048 2340 Mitto
1073 2270 1174 2339 vohis
1198 2293 1315 2339 exem-

321 2367 421 2459 plum
445 2391 543 2436 meae
569 2364 767 2459 Epistulae,
808 2373 933 2440 missae
956 2371 1001 2439 ad
1027 2364 1312 2464 Masculum*),

321 2468 384 2560 qui
403 2467 676 2538 Francolordiae
699 2472 781 2541 satis
805 2473 942 2540 duriter
964 2472 1002 2538 in
1027 2487 1226 2544 nostrarum
1242 2470 1313 2544 Ec-

320 2569 507 2639 clesiarum
520 2571 794 2647 ,concionatores
816 2574 976 2642 invectus
999 2588 1062 2647 est.
1113 2569 1218 2645 habet
1239 2577 1311 2645 for-

319 2671 421 2740 tassis
437 2695 539 2741 suum
557 2667 753 2758 theatrum,
785 2675 843 2744 cui
862 2676 966 2744 dulce
981 2690 1032 2747 est
1047 2677 1169 2747 audire
1188 2677 1312 2746 convi-

321 2772 373 2841 cia
389 2774 519 2865 quibus
532 2797 598 2843 nos
615 2775 831 2860 laceramur,
861 2777 923 2869 qui
940 2789 1058 2846 tamen
1074 2779 1254 2847 neminem
1273 2779 1309 2846 in

319 2871 482 2943 Marclria
502 2876 686 2945 laesimus:
721 2877 879 2953 fortassis
901 2900 980 2966 erga
1004 2879 1093 2948 alios
1113 2881 1218 2950 etiam
1233 2881 1312 2949 offi-

319 2976 404 3045 ciosi
423 2977 565 3051 suimus.
603 2976 673 3048 Sed
689 2972 757 3047 hoc
777 3004 918 3072 quoque
944 2978 1037 3076 (Deo
1056 2979 1217 3074 iuvante)
1243 2980 1311 3050 Pa-

319 3077 365 3146 tri
383 3075 531 3147 Domini
555 3079 669 3150 nostri
691 3076 770 3149 lesu
788 3077 921 3151 Christi
947 3085 1171 3153 commendo:
1204 3107 1309 3175 quem

319 3202 401 3262 oro,
428 3195 467 3249 ut
482 3196 597 3249 servet
615 3193 649 3249 et
663 3196 761 3270 regat
775 3177 951 3252 Ecclesiae
966 3207 1049 3254 suae
1064 3184 1247 3277 reliquias:
1270 3197 1311 3254 ut

319 3293 412 3356 certe
426 3282 540 3353 saciet.
581 3279 680 3351 Bene
699 3282 826 3353 valete:
859 3281 927 3354 Die
938 3283 1155 3367 Palmarum.

823 3380 1012 3478 Philippus
1034 3381 1260 3460 Melanthum

327 3711 398 3784 No.
415 3709 529 3823 8446.

322 3815 535 3847 Μ

1154 3730 1216 3790 20.
1229 3721 1309 3806 Ape.

1162 3815 1298 3847 Μ

679 3897 745 3981 Io.
775 3895 957 4009 Aepino.

388 4055 454 4125 †·E
471 4052 536 4110 coll.
556 4053 654 4112 Wott.
671 4058 768 4113 llemb.
790 4059 884 4130 [ota.
921 4060 1042 4115 Eandem
1062 4060 1114 4116 eibi
1132 4062 1220 4119 deseri
1240 4073 1310 4120 serat

422 4123 601 4204 Bellenetaedt
618 4143 633 4178 e
651 4128 746 4207 codice
764 4139 826 4182 mst.
847 4068 1000 4185 (iodolredi
1019 4130 1182 4197 namatii,
1240 4134 1309 4188 edici

422 4192 602 4262 Normberg„
639 4213 666 4247 ur
678 4196 764 4250 codex
779 4217 854 4254 nune
867 4210 906 4254 eet
919 4198 1030 4255 Monac.
1043 4199 1089 4259 9⁰.
1106 4200 1159 4258 No.
1175 4201 1245 4265 Vll..
1263 4205 1309 4257 ubi

422 4261 522 4333 legitur
539 4215 652 4333 epistola
670 4284 699 4337 p·
710 4265 771 4320 419.

319 4413 533 4491 Reuerendo
558 4420 655 4507 uiro,
695 4419 896 4494 eruditione
923 4434 955 4496 et
981 4425 1177 4498 uirtutibus
1200 4453 1307 4524 prue-

320 4521 459 4605 stanti,
484 4519 538 4596 D.
560 4519 590 4592 I
595 4525 741 4594 oanni
762 4523 950 4623 Aepino,
976 4525 1163 4628 Episcopo
1179 4529 1309 4603 Eccle-

358 4622 438 4695 siae
453 4620 533 4694 Dei
548 4623 588 4695 in
605 4624 745 4720 inclyta
761 4624 983 4724 Hamburga
1003 4624 1106 4707 Phil.
1121 4630 1267 4708 Melan.

320 4756 365 4847 S.
393 4770 437 4844 D.
483 4771 589 4844 Haud
607 4776 714 4845 dubie
730 4789 791 4845 tuo
810 4766 941 4847 iudicio
957 4805 996 4849 ac
1013 4795 1136 4871 sponte
1151 4799 1309 4856 amanter

319 4876 540 4966 amplecteris
555 4877 670 4946 virum
688 4880 831 4946 doctum
851 4893 883 4949 et
900 4881 1072 4969 integrum
1089 4882 1144 4953 M.
1163 4879 1307 4956 Iohan-

321 5001 401 5050 nem
417 4968 610 5049 Gareeum.
650 4977 719 5048 Sed
739 4993 855 5049 tamen
869 4994 909 5051 ut
925 4984 1058 5070 gratior
1071 5002 1158 5056 esset
1175 4991 1308 5077 primus

321 5103 546 5168 congressus,
581 5080 700 5149 literas
718 5081 750 5148 ei
767 5082 868 5165 dedi,
894 5085 989 5175 quod
1007 5087 1105 5178 quasi
1124 5090 1308 5179 meipsum

320 5183 574 5253 interfuturum
602 5204 675 5251 esse
701 5183 817 5273 primo
841 5186 997 5253 sermoni
1021 5200 1136 5257 vestro
1158 5191 1310 5265 arbitra-

352 5437 384 5506 *)
401 5434 523 5561 Malui&
540 5455 642 5492 nomeu
656 5457 712 5495 uun
726 5439 815 5508 dedit,
835 5440 884 5496 ced
898 5441 953 5498 rid.
965 5462 1008 5516 ep.
1021 5443 1055 5499 ed
1067 5443 1127 5501 lon.
1140 5445 1167 5504 d.
1179 5445 1223 5502 14.
1236 5448 1304 5520 Apr·
1328 5384 1336 5526 1

778 340 783 351 ·
878 370 883 381 ,
926 310 1363 395 EPISTOLARUM
1413 313 1521 393 LlB.
1546 316 1591 392 X.
1644 317 1775 396 1646.

2288 318 2363 392 116

1368 509 1445 572 rer,
1479 488 1509 558 si
1533 513 1626 558 meas
1645 489 1765 560 literas
1788 488 1942 565 afferret.
1998 483 2096 559 Haec
2117 499 2235 558 autem
2259 512 2363 580 prae·

1369 610 1448 657 sens
1475 604 1566 659 certe
1590 591 1749 690 dicturus
1773 613 1901 675 essem,
1937 603 2027 682 quae
2049 590 2200 659 assiduis
2227 592 2320 660 votis
2342 614 2363 660 a

1369 685 1465 774 Deo,
1507 705 1649 761 aeterno
1683 706 1782 784 patre
1808 692 1944 761 domini
1970 692 2083 760 nostri
2111 689 2190 760 lesu
2216 687 2365 777 Christi,

1292 798 1296 803 '
1370 793 1551 863 conditore
1565 791 1760 878 Ecclesiae,
1785 809 1888 885 peto,
1912 807 1952 862 ut
1969 780 2282 862 servet⁴doctrinae
2299 818 2363 862 ve-

1370 915 1429 962 rae
1464 895 1598 978 lucem‚
1636 910 1668 966 et
1702 895 1894 984 coniungat
1926 896 2125 963 voluntates
2149 895 2363 980 docentium,

1370 1017 1435 1064 nec
1452 995 1545 1066 sinat
1561 991 1710 1066 distrahi
1726 993 1899 1066 Ecclesias
1916 1010 2007 1066 recte
2028 997 2229 1070 sentientes.
2267 996 2363 1080 Scio,

1370 1107 1403 1164 te
1429 1111 1463 1166 et
1485 1098 1640 1168 veritatis
1667 1112 1700 1168 et
1731 1099 1940 1168 concordiae
1969 1098 2134 1188 publicae
2162 1098 2363 1168 studiosum

1370 1219 1459 1284 esse3
1486 1199 1565 1267 ideo
1580 1201 1695 1269 scribo
1710 1200 1864 1272 brevius.
1908 1197 2125 1290 Magnopere
2144 1224 2227 1267 vero
2244 1199 2362 1284 doleo,

1368 1298 1448 1368 istic
1478 1301 1596 1369 nescio
1629 1325 1733 1394 quern
1750 1293 1787 1396 ¹⁵)
1818 1300 1969 1370 movisse
1995 1300 2269 1390 disputationem
2294 1323 2362 1370 nec

1369 1403 1599 1471 necessariam
1615 1427 1678 1472 nec
1692 1403 1817 1473 utilem
1832 1404 1876 1470 de
1890 1401 2023 1470 inferis.
2051 1400 2196 1472 Utinam
2211 1404 2361 1471 ardeant

1368 1526 1490 1573 omnes
1504 1526 1586 1572 vero
1601 1505 1718 1574 studio
1736 1505 1985 1596 proponendae
2000 1517 2034 1572 et
2047 1502 2277 1574 illustrandae
2294 1526 2360 1572 ne-

1369 1605 1535 1673 cessariae
1560 1607 1740 1675 doctrinae
1764 1607 1808 1674 de
1832 1605 2072 1695 poenitentia,
2098 1605 2186 1684 fide,
2213 1605 2359 1674 invoca-

1369 1705 1465 1775 tione
1487 1730 1569 1775 vera
1590 1718 1623 1775 et
1644 1707 1789 1791 caeteris
1812 1707 2022 1790 virtutibus,
2055 1707 2099 1775 ad
2120 1731 2206 1799 quas
2222 1707 2358 1776 conditi

1368 1819 1403 1875 et
1417 1807 1531 1876 renati
1545 1831 1678 1882 sumus.
1711 1804 1806 1887 Alia,
1831 1809 1875 1877 de
1891 1808 2022 1901 quihus
2036 1831 2081 1876 ne
2097 1808 2240 1901 quidem
2254 1808 2360 1877 valde

1367 1908 1499 1980 eruditi
1529 1909 1765 2000 pronunciare
1797 1921 1961 1999 possunt,
2002 1933 2092 2001 quae
2119 1934 2260 2002 quoque
2283 1913 2359 1978 non

1367 2024 1452 2080 sunt
1474 2034 1634 2100 expresse
1656 2011 1846 2102 patefacta,
1872 2035 1936 2081 cur
1952 2023 2156 2080 scrutantur
2172 2006 2359 2081 homines?

1367 2106 1534 2201 Optarim
1549 2112 1674 2201 igitur,
1700 2113 1803 2181 illum
1818 2112 2073 2204 disputatorem
2091 2111 2177 2183 tales
2192 2112 2358 2182 materias

1366 2207 1492 2282 afferre
1516 2214 1555 2281 in
1578 2210 1773 2303 publicum.
1824 2209 1906 2284 Erit
1929 2214 2034 2284 etiam
2051 2227 2132 2284 tuae
2148 2214 2358 2304 prudentiae

1365 2314 1505 2384 silentio
1520 2338 1597 2384 eam
1615 2315 1876 2386 contentionem
1896 2317 2058 2386 obruere.
2085 2312 2224 2416 [1550]
2241 2307 2313 2412 **).

1378 2647 1444 2721 No.
1455 2646 1567 2718 3447.
2202 2658 2261 2719 120.
2276 2649 2358 2734 Apr-

1367 2745 1581 2781 Μ
2208 2745 2345 2773 κω»

1687 2831 1752 2914 Io.
1778 2829 2027 2943 Agricolae.

1395 2990 1474 3061 †Ex
1494 3008 1588 3063 apogr.
1609 2989 1638 3043 in
1657 2989 1719 3046 cod.
1741 2992 1877 3046 Mehnert.
1896 2990 1949 3046 No.
1965 2991 1993 3046 4.
2011 3011 2039 3063 p.
2054 2991 2098 3046 61.

1513 3143 1726 3222 Iohanni
1750 3144 1981 3246 (Agricolae)
2007 3145 2037 3218 I
2040 3145 2201 3218 slebio.

1360 3280 1407 3374 S.
1442 3296 1488 3370 D.
1549 3297 1630 3369 Scio
1663 3298 1832 3367 vitiosam
1867 3322 1940 3368 esse
1982 3290 2354 3396 πολυπραγμοσύνην

1362 3401 1487 3473 alienis
1511 3424 1546 3470 se
1566 3400 1714 3488 negotiis
1730 3401 1966 3489 ingerentem,
1993 3413 2027 3469 et
2040 3402 2197 3492 profecto
2212 3415 2354 3472 tantum

1362 3501 1452 3574 mihi
1468 3503 1737 3593 occupationum
1753 3501 1857 3571 estin
1872 3514 1991 3570 nostra
2009 3503 2202 3594 republica,
2223 3515 2354 3572 utnon

1362 3609 1513 3679 libenter
1528 3604 1855 3695 admittamaliena.
1896 3601 1964 3673 Sed
1985 3628 2064 3673 cum
2081 3628 2153 3672 una
2169 3604 2213 3673 sit
2229 3600 2355 3672 Eccle-

1362 3711 1412 3780 sia
1427 3704 1514 3790 Dei,
1544 3705 1748 3796 ubicunque
1773 3719 1855 3774 suut
1876 3718 2012 3789 coetus,
2044 3730 2126 3773 vera
2149 3705 2275 3796 pietate
2296 3705 2354 3773 di-

1362 3822 1496 3880 scentes
1514 3804 1749 3895 Evangelium
1774 3821 1807 3875 et
1827 3808 2023 3894 optandum
2045 3806 2109 3890 sit,
2134 3821 2175 3876 ut
2193 3830 2353 3896 praeser-

1361 3913 1427 3983 tim
1462 3904 1591 3977 harum·
1621 3908 1805 3996 regionum
1839 3903 2015 3976 Ecclesiae
2047 3908 2354 3978 coniunctissimae

1362 4014 1452 4097 sint,
1478 4011 1657 4079 interdum
1676 4010 1738 4092 iis,
1760 4007 1822 4100 qui
1837 4009 1957 4077 literas
1973 4010 2016 4078 ad
2035 4033 2097 4103 vos
2114 4023 2255 4100 petunt,
2273 4034 2355 4079 mo-

1361 4140 1436 4185 rem
1452 4134 1553 4202 gero,
1578 4111 1765 4202 scriboque
1782 4134 1856 4178 non
1874 4103 2042 4203 tanquam
2056 4112 2100 4178 ad
2119 4112 2265 4197 alienos,
2291 4111 2354 4181 sed

1361 4231 1402 4289 ut
1426 4211 1533 4285 homo
1554 4208 1784 4282 scholasticus
1806 4212 1962 4280 serviens
1977 4207 2144 4281 Ecclesiis
2159 4214 2353 4283 multarum

1362 4319 1569 4408 regionum,
1592 4314 1846 4406 qualiscunque
1867 4325 1918 4382 est
1934 4307 2022 4382 haec
2035 4336 2113 4384 mea
2130 4313 2253 4404 exigua
2266 4315 2355 4384 fun-

1362 4422 1451 4502 ctio,
1482 4417 1521 4485 in
1543 4440 1629 4517 qua,
1655 4412 1731 4484 Deo
1754 4415 1918 4500 iuvante,
1941 4437 2075 4487 versor.
2130 4412 2235 4487 Certe
2256 4412 2354 4486 nihil

1361 4524 1400 4592 in
1422 4517 1489 4590 hac
1510 4543 1549 4588 re
1571 4541 1670 4586 meae
1692 4517 1854 4586 utilitatis
1875 4539 1977 4586 causa
2000 4516 2103 4589 facio.
2161 4514 2216 4587 Te
2242 4518 2355 4608 igitur

1393 4746 1423 4811 l)
1442 4743 1505 4796 Fuit
1519 4740 1703 4794 Titemonnus
1716 4738 1843 4807 Epping,
1868 4738 1999 4794 diaconus
2013 4741 2047 4794 ed
2064 4737 2123 4792 aed.
2137 4738 2166 4793 S.
2180 4737 2262 4795 Petri.
2299 4740 2354 4795 Vi-

1429 4812 1523 4866 deatur
1542 4809 1575 4862 de
1594 4808 1864 4864 haccontrouersia:
1894 4808 2048 4879 „Memoria
2064 4810 2173 4862 loannis
2189 4809 2230 4863 Ae
2249 4810 2287 4863 ini
2304 4811 2353 4864 in·

1428 4891 1544 4934 staurata
1568 4887 1638 4930 auct.
1664 4874 1785 4929 ernoldo
1813 4874 1946 4929 Greuio.''
1998 4877 2146 4946 llamburg.
2173 4877 2204 4929 17
2241 4916 2249 4932 .
2272 4883 2299 4933 4.
2323 4889 2353 4933 et

1429 4949 1557 5004 Planelcie'
1571 4947 1655 5014 Delli).
1675 4950 1717 5001 bed
1739 4944 1840 5008 mulsli-
1861 4947 1989 5014 Stbtbtpt.
2013 4945 2094 4998 Tum.
2110 4945 2143 5002 V.
2166 4945 2197 4999 P.
2213 4945 2234 5000 l.
2256 4966 2284 5017 p.
2297 4948 2353 5003 252

1429 5039 1489 5091 sqq.
1529 5015 1697 5069 Sententiam
1716 5031 1791 5067 suam
1812 5015 1930 5085 Aepinue
1948 5016 2000 5067 iam
2018 5024 2196 5085 proposuerat
2213 5013 2241 5067 io
2261 5014 2351 5070 Com·

1407 5087 1410 5093 ’
1429 5087 1563 5142 mentatio
1576 5084 1604 5138 iu
1616 5083 1718 5138 Psalm.
1727 5080 1803 5140 xvt.
1817 5082 1945 5137 Francos.
1954 5082 2028 5138 1544.
2042 5085 2067 5134 8.
2081 5083 2168 5145 (edito
2183 5101 2197 5135 a
2211 5082 2267 5137 tot.
2280 5086 2350 5140 Fre·

1429 5159 1512 5224 dero,
1533 5155 1637 5223 collega
1652 5151 1786 5232 depini).
1811 5149 1854 5203 De
1873 5151 2003 5233 descensu
2017 5150 2116 5206 Christi
2130 5150 2162 5204 ad
2175 5150 2279 5206 interos
2294 5155 2349 5209 iam

1428 5220 1987 5362 ‘tt”tit..tatttlttt’s‘tttltt
2003 5219 2171 5343 ltlt‘tt:
2188 5220 2352 5372 iiiiii}

1426 5313 1495 5419 idel.
1513 5361 1546 5416 ed
1561 5357 1726 5429 Spalatinum
1743 5355 1824 5409 (1.20.
1870 5367 1921 5413 art.
1938 5359 2014 5413 1581.
2030 5388 2065 5400 -
2121 5374 2244 5411 arcaeum
2257 5378 2350 5427 speum

1427 5442 1517 5506 postea
1530 5431 1658 5484 adversus
1673 5425 1808 5495 Aepinum
1823 5424 1938 5479 multum
1955 5426 2117 5499 disputasse,
2135 5425 2197 5479 setis
2213 5437 2330 5483 constet.

1376 5513 1424 5585 ”j
1445 5515 1496 5571 llic
1509 5531 1597 5567 eunus
1611 5509 1646 5564 ah
1658 5517 1770 5563 auctore
1785 5509 1931 5580 apographi
1945 5509 2097 5579 adscriptus
2112 5517 2166 5574 est,
2185 5509 2234 5562 sed
2248 5509 2330 5565 male.
