4882 6426
209 334 286 409 688

311 502 491 577 Dominus
509 489 727 570 Flideriens
743 492 782 594 l·)
799 511 897 570 tuam
920 502 1103 594 epistolam
1124 520 1205 571 cum

209 603 360 673 maxima
376 603 558 694 voluptate
572 601 670 691 legit,
696 615 731 671 et
746 603 919 673 sollicitus
935 618 987 674 est
1001 606 1045 673 de
1059 624 1207 695 respon-

209 729 264 789 so,
295 726 464 775 excusans
487 726 585 776 suam
614 703 812 778 infantiam.
881 700 1005 774 Altero
1029 705 1087 774 die
1108 719 1205 796 post·

210 830 316 899 quam
340 800 411 875 bue
433 806 534 891 veui,
564 805 661 873 misit
682 807 728 873 ad
753 829 832 873 eum
858 800 900 875 V
897 805 970 874 itus
987 800 1205 875 Theodorus

209 906 315 976 loelis
337 906 597 976 enarrationem
613 898 690 996 **),
723 929 830 998 quam
844 898 1039 976 Friderico
1062 909 1204 977 dedica-

208 1021 316 1075 verat.
368 1005 419 1076 lta
442 1007 628 1099 utriusque
653 1021 828 1092 vestrum,
860 1031 949 1101 quos
973 1002 1098 1078 merito
1121 1009 1206 1077 lacit

208 1107 373 1190 maximi,
400 1109 534 1177 iudicio
556 1104 751 1203 honorifico
771 1108 919 1201 mirifice
934 1123 985 1179 est
1003 1112 1203 1181 delectatus.

207 1208 342 1279 Verum
358 1224 475 1299 optat,
510 1209 577 1279 sibi
594 1209 798 1299 contingere
815 1224 1003 1303 antequam
1020 1213 1205 1294 moriatur,

206 1324 246 1381 ut
265 1321 298 1380 te
314 1310 352 1377 in
369 1312 442 1379 suis
458 1311 606 1381 aedibus
622 1307 797 1402 hospitem
813 1312 934 1382 videre
950 1326 983 1383 et
998 1336 1115 1384 eoram
1139 1337 1203 1382 au-

205 1413 283 1481 dire
307 1413 352 1480 de
376 1412 529 1502 publicis
551 1414 657 1483 rebus
677 1414 906 1484 disserentem
924 1415 1045 1504 possit.
1099 1412 1204 1483 Ideo-

206 1537 275 1606 que
298 1514 430 1598 oravit,
456 1527 496 1583 ut
511 1515 541 1583 si
557 1514 595 1582 in
613 1516 761 1604 patriam
778 1516 1025 1608 proficisceris,
1051 1518 1202 1586 derecta

156 1619 158 1623 ’
204 1616 262 1682 via
291 1613 514 1708 aliquantum
544 1617 708 1686 deflectas
738 1628 774 1687 et'
801 1619 846 1686 ad
871 1609 1203 1708 ipsum'divertaris.

205 1714 397 1801 Promittit,
422 1740 459 1785 se
473 1717 734 1789 observantiam
753 1741 833 1806 erga
849 1706 999 1788 te‘luam
1015 1742 1203 1789 nonsum-

204 1817 360 1907 ptuosis,
385 1820 466 1898 sed,
492 1831 533 1887 ut
548 1832 676 1910 sperat,
703 1820 809 1909 gratis
823 1812 946 1889 ostias
962 1820 1029 1889 tibi
1047 1821 1203 1893 declara·

204 1933 336 1989 turum.
775 1998 778 2003 ⁴

306 2017 408 2088 Nova
430 2012 488 2088 laic
511 2042 655 2110 prorsus
672 2022 769 2090 nulla
788 2021 921 2112 reperi,
945 2021 1015 2090 nisi
1032 2023 1125 2114 quod
1142 2044 1203 2090 ru·

202 2143 283 2188 mor
306 2114 505 2214 Herbrpoli
530 2116 587 2189 bic
616 2121 741 2191 allatus
771 2136 838 2206 est,
879 2123 1128 2213 imperatorem
1157 2121 1203 2193 18

202 2220 316 2289 millia
348 2217 592 2309 Hispanorum
624 2245 748 2290 recens
783 2224 1023 2312 ingressorum
1052 2221 1204 2293 Germa-

204 2322 303 2392 niam
327 2321 583 2391 rollocaturum
607 2320 646 2391 in
665 2318 898 2416 Episcopatus
915 2322 1203 2413 Wirceburgen-

201 2445 279 2495 sem
296 2435 330 2494 et
344 2420 643 2513 Bambergensem
659 2424 697 2493 in
712 2419 885 2510 hiberna,
912 2448 1071 2518 quaeres
1087 2422 1203 2494 Fran-

203 2548 268 2595 cos
285 2535 426 2594 nostros
446 2524 550 2594 valde
569 2539 811 2596 consternatos
827 2526 994 2598 reddidit.
1046 2521 1123 2616 Ego
1139 2550 1202 2596 au-

202 2639 274 2698 tem
293 2625 473 2710 existimo,
498 2626 608 2716 magis
627 2631 895 2711 terrendorum,
921 2627 1081 2717 ipsorum
1098 2650 1202 2697 causa

202 2729 291 2798 tales
309 2748 470 2798 rumores
496 2728 632 2820 spargi,
658 2741 698 2798 ut
721 2744 840 2820 postea
861 2728 1001 2798 facilius
1016 2729 1061 2796 ab
1079 2727 1124 2797 iis
1140 2752 1202 2819 pe-

202 2829 307 2898 cunia
323 2852 412 2922 quae
425 2840 581 2918 petetur,
599 2829 693 2918 'exigi
707 2844 822 2924 queat.
872 2826 1024 2899 Talibus
1045 2831 1201 2899 confictis

202 2931 407 3001 rumoribus
422 2954 442 2998 a
459 2930 580 2999 multis
597 2953 722 3018 magna
741 2943 873 3000 extorta
890 2945 1011 3002 sunta

280 3027 357 3101 ¹'De
370 3029 524 3102 comitiis
542 3051 687 3122 prorsus
703 3025 762 3100 bic
776 3033 871 3123 apud
887 3045 1028 3101 nostros
1043 3029 1202 3101 francos

201 3133 395 3203 silentium.
446 3129 501 3211 De
520 3131 693 3218 tumultu,
719 3134 781 3226 qui
798 3146 940 3203 exortus
954 3146 1007 3203 est
1021 3130 1201 3222 Augustae

200 3234 297 3306 inter
320 3233 451 3304 milites
465 3230 635 3319 Caesaris,
660 3235 950 3323 audivisticredo
968 3258 1009 3304 ex
1027 3228 1204 3304 Matrica

199 3331 348 3417 Irenae,
379 3336 481 3407 cuius
500 3335 733 3428 praesentiam
758 3352 853 3409 certo
875 3337 947 3406 scio
964 3335 1029 3407 tibi
1045 3337 1200 3429 aliquam

198 3438 439 3507 molestiarum
455 3451 591 3526 partem
607 3437 802 3507 lavaturam
819 3459 903 3507 esse.
955 3434 1076 3507 Audio
1093 3439 1200 3506 etiam

197 3531 435 3606 Inachimum
455 3534 651 3624 Noriberga
673 3560 848 3626 egressum
872 3558 963 3620 esse,
987 3549 1027 3606 ut
1042 3535 1200 3626 Lipsiam

807 320 1242 409 ltPtstotttttJM
1292 327 1397 404 LlB.
1422 326 1468 409 X.
1522 332 1651 410 1647.

2189 341 2264 415 684
2330 380 2342 384 ··

1308 493 1498 572 Paulus
1525 497 1711 576 Eberus
1738 503 1803 578 ad
1824 498 2045 582 Comitem
2072 500 2193 587 Ν.Ν.
2227 480 2232 489 ἠ

1252 643 1296 734 S.
1322 662 1368 739 D.
1426 663 1518 737 Cum
1542 669 1715 740 familiam
1738 696 1850 745 meam
1876 671 1945 747 boe
1970 690 2146 769 tempore,
2179 701 2250 772 quo

1251 763 1373 836 schola
1388 767 1808 861 nostraWitebergensis
1821 800 1966 866 prorsus
1979 780 2147 869 dissipata
2160 780 2251 853 iacet
2303 853 2309 869 ,

1252 884 1286 939 et
1303 869 1401 952 silet,
1426 869 1464 938 in
1485 871 1633 959 patriam
1648 876 1890 961 adduxissem,
1919 893 1961 948 ut
1977 882 2199 972 propinquos
2213 893 2249 977 et
2270 950 2286 981 Ι

1251 992 1373 1039 omnes
1395 971 1562 1055 viserem,
1593 996 1740 1066 eamque
1755 977 1802 1046 ob
1820 1001 1960 1049 causam
1974 983 2078 1051 etiam
2099 980 2248 1056 Wiroes

1250 1072 1402 1160 burgum
1418 1074 1659 1159 accessissem,
1685 1076 1748 1146 ubi
1764 1079 1908 1148 fratrem
1923 1077 2035 1151 babeo
2051 1077 2158 1164 hune,
2184 1081 2247 1175 qui

1251 1197 1270 1241 a
1293 1197 1350 1241 me
1373 1189 1513 1261 rogatus
1539 1177 1640 1244 vobis
1663 1174 1765 1246 hasce
1786 1180 1907 1250 literas
1931 1183 2052 1268 olsert,
2081 1172 2249 1271 generose

1250 1275 1395 1343 domine
1410 1274 1557 1358 Comes,
1582 1278 1646 1346 diu
1669 1279 1843 1367 cogitavi,
1868 1283 2105 1355 seriberemne
2128 1309 2169 1354 ex
2192 1284 2248 1353 vi·

1251 1376 1332 1444 cino
1355 1376 1433 1445 loco
1456 1378 1500 1445 ad
1524 1400 1607 1461 vos,
1640 1403 1686 1447 an
1711 1405 1795 1449 vero
1820 1387 2094 1472 occupationum
2114 1399 2250 1457 restra-

1250 1501 1330 1546 rum
1348 1479 1485 1546 ratione
1499 1474 1619 1548 habita
1638 1480 1834 1553 insalutatis
1850 1484 1950 1554 vobis
1969 1511 2009 1554 ex
2025 1483 2090 1556 bac
2106 1487 2248 1575 regione

1252 1579 1477 1651 discederem.
1520 1577 1598 1648 Etsi
1617 1597 1732 1651 autem
1750 1597 1845 1653 certo
1862 1587 2025 1666 sciebam,
2053 1588 2154 1657 vobis
2167 1587 2249 1657 lite·

1251 1703 1370 1748 rarum
1404 1697 1438 1750 et
1469 1680 1608 1769 pietatis
1638 1707 1758 1751 amore
1788 1686 2020 1775 flagrantibus
2049 1689 2247 1758 academiae

1251 1794 1391 1850 nostrae
1407 1782 1685 1852 incolumitatem
1701 1790 1905 1865 cumesses,
1932 1803 1966 1857 et
1983 1789 2246 1859 reiterationem

1250 1895 1361 1952 status
1379 1883 1477 1972 illius
1491 1896 1626 1971 gratam
1642 1887 1739 1970 lore,
1765 1900 1883 1955 tamen
1898 1892 2111 1959 verecundia
2133 1891 2247 1982 impe-

1253 1983 1395 2063 diebar,
1420 2008 1466 2051 ne
1485 1986 1530 2051 ad
1546 1997 1642 2052 tuam
1658 1987 1927 2073 generositatem
1944 1991 2096 2060 scribere
2112 1991 2247 2062 tenuis·

1251 2083 1357 2152 simae
1387 2085 1552 2153 fortunae
1580 2079 1763 2154 honinem
1792 2091 1970 2159 auderem.
2030 2091 2099 2162 Sed
2128 2105 2246 2181 postea

1251 2187 1406 2274 prolecto
1423 2181 1512 2252 mihi
1527 2180 1759 2279 Kyzingam,
1786 2214 1876 2282 quae
1893 2187 1983 2260 mibi
2000 2193 2115 2262 natale
2131 2194 2247 2261 solum

1251 2300 1320 2368 est,
1345 2279 1635 2355 Bortolomoeus
1654 2290 1799 2378 qnidam
1815 2284 1951 2375 Laud,
1975 2317 2074 2362 meus
2092 2293 2249 2384 discipu·

1251 2387 1318 2468 lus,
1348 2387 1441 2456 lilius
1456 2386 1661 2474 Quaestoris
1678 2390 1716 2457 iu
1734 2387 1997 2462 Sumerltausen
2015 2394 2186 2476 narravit,
2212 2414 2249 2462 se
2304 2448 2305 2453 η

1249 2488 1426 2557 audivisse
1451 2511 1491 2555 ex
1514 2513 1578 2557 suo
1595 2491 1762 2579 domino,
1793 2494 1939 2562 domino
1956 2483 2097 2563 Cereio
2110 2487 2250 2564 Schen-

1250 2584 1327 2657 cler'o
1355 2587 1629 2677 Limpurgeusi,
1669 2602 1697 2658 a'
1722 2607 1834 2661 vestra
1864 2597 2097 2682 generositate
2128 2618 2250 2665 recens

1249 2689 1320 2758 mei
1343 2690 1561 2758 mentionem
1590 2693 1715 2760 iactam
1738 2715 1811 2761 esse
1833 2695 1958 2782 talem,
1984 2721 2026 2766 ex
2042 2720 2110 2789 qua
2128 2694 2249 2766 conie-

1250 2804 1347 2861 ctura
1374 2791 1447 2858 lieri
1477 2791 1604 2880 possit,
1635 2817 1692 2861 me
1717 2794 1818 2862 vobis
1839 2820 1942 2865 curae
1964 2812 1997 2867 et
2021 2822 2141 2867 carum
2165 2821 2250 2870 esse.

1249 2890 1327 2961 Hoc
1352 2891 1484 2961 nutricio
1508 2893 1649 2977 audito,
1682 2894 1786 2963 etiam
1812 2895 1954 2987 longius
1976 2922 1995 2981 a
2017 2899 2119 2969 vobis
2132 2922 2251 2967 remo-

1250 3007 1326 3073 tus,
1361 3006 1477 3061 tamen
1502 2994 1624 3084 putavi
1650 2997 1747 3064 nefas
1769 3020 1861 3083 esse,
1891 3000 1922 3067 si
1934 2990 2034 3084 non,
2059 3014 2249 3092 antequam

1249 3094 1362 3184 patria
1379 3094 1521 3178 exirem,
1547 3117 1611 3184 per
1626 3096 1745 3165 literas
1759 3122 1822 3167 vos
1840 3100 2041 3180 salutarem,
2059 3125 2147 3169 ’eum
2162 3122 2248 3168 ron-

1249 3208 1334 3275 stet,
1367 3218 1430 3265 vos
1463 3196 1671 3265 memoriam
1700 3210 1734 3266 et
1762 3223 1882 3268 curam
1904 3201 1974 3270 mei
1997 3190 2101 3270 ctiam
2123 3201 2163 3269 in
2182 3194 2249 3270 bac

1249 3310 1369 3366 nostra
1391 3296 1588 3366 calamitate
1605 3310 1640 3367 et
1655 3298 1722 3367 isto
1740 3313 1855 3370 vestro
1873 3302 2062 3393 splendore
2078 3291 2148 3373 tam
2163 3325 2204 3371 co

1246 3410 1382 3469 stanter
1400 3397 1568 3470 retinere.
2196 3422 2197 3429 ¹

1349 3510 1505 3582 Excussa
1527 3505 1638 3602 igitur
1651 3519 1864 3593 verecundia
1880 3523 1978 3591 volui
1993 3537 2128 3594 vestrae
2144 3546 2249 3614 gene-

197 3641 337 3720 rem,
363 3637 459 3705 unde
475 3659 549 3703 110„
567 3635 692 3704 dubito
708 3659 789 3704 eum
808 3639 853 3706 ,d
869 3648 902 3705 [θ
919 3657 1159 3707 excursuram·
1248 3612 1386 3682 rositati
1412 3636 1521 3728 pauca
1542 3616 1715 3707 quaedam
1733 3619 1776 3685 de
1792 3614 1932 3690 scholae
1948 3636 2090 3695 nostrae
2106 3639 2197 3697 statu
2215 3639 2251 3697 et

302 3737 441 3809 salutat
456 3749 490 3805 η
506 3737 600 3810 dom,
618 3733 763 3821 pastor,
790 3735 843 3806 M,
861 3730 1120 3831 &homine
1138 3732 1201 3832 (2²),
1247 3713 1353 3783 rebus
1369 3734 1456 3780 mers
1472 3738 1614 3830 quoque
1633 3714 1850 3837 significare,
1876 3723 2030 3794 officiose
2045 3746 2182 3816 rogans,
2206 3741 2249 3800 nt

199 3833 397 3912 M-Petres
411 3836 604 3923 Diaconos,
626 3837 807 3908 Dominus
820 3832 1036 3912 Fridericus
1051 3850 1200 3908 etmeus
1249 3829 1309 3885 ²¹¹³
1333 3828 1549 3935 ὅθῃθΐῗδῑῑξὸ
1570 3829 1666 3886 ⁶⁸f¹⁰
1689 3819 1758 3938 ⁸¹¹³}
1778 3825 2002 3939 Pffffflssd‘als
2028 3850 2103 3896 ¹1⁰ss
2118 3851 2175 3897 ¹¹¹⁸
2190 3852 2249 3899 ta-

198 3936 327 4034 ltospes
341 3937 593 4032 Hieronymus
607 3933 787 4033 Berbing,
812 3940 970 4032 optimus
986 3962 1102 4024 senex,
1128 3939 1199 4010 tui·
1247 3927 1382 4035 ptatpm
1414 3915 1552 4035 ³l¹ll¹¹¹d
1574 3911 1666 3987 hanc
1686 3935 1918 4041 §cnl’lfflssfm
1941 3924 2154 4014 ῗΰῆἷῑῑῑῖδδθ,
2186 3930 2260 4026 δθᾶ,

199 4039 637 4137 queobsefvandigsimug,
670 4039 827 4112 salutem
844 4054 929 4132 0920
946 4044 1041 4114 dom,
1058 4038 1198 4111 pastori
1246 4017 1354 4087 olfien
1383 4032 1557 4088 rationem
1586 4014 1770 4139 babuisse,
1800 4035 1842 4093 ut
1862 4026 2125 4118 intelligeretis,
2156 4026 2248 4101 mibi

199 4158 234 4215 et
261 4142 407 4225 caeteris
426 4139 607 4213 Ecclesiae
627 4141 802 4212 ministris
822 4166 861 4226 ae
885 4143 1030 4232 collegis
1053 4143 1197 4224 nostris,
1244 4132 1397 4190 miram
1427 4120 1728 4242 be¹¹²VPl⁶J¹¹J³m2
1762 4146 1832 4217 (1¹¹³
1857 4148 1915 4196 me
1942 4131 2049 4200 semel
2072 4128 2248 4223 complexi

197 4245 305 4318 etiam
327 4240 519 4340 Syleestro
540 4257 679 4326 nostro,
712 4268 801 4336 quos
822 4260 944 4314 omnes
968 4244 1073 4336 cupio
1094 4268 1196 4314 orare
1247 4216 1367 4291 adhuc
1387 4245 1664 4315 P¹⁰⁵iq¹¹¹¹¹¹¹¹¹¹s
1689 4238 1923 4314 8¹³¹¹⁵⁵¹m³m
1942 4252 2025 4305 0⁸⁵⁰·

146 4388 157 4398 ·
195 4342 331 4427 Deum,
358 4360 397 4416 ut
421 4368 539 4415 meum
564 4345 733 4435 pusillum
751 4367 890 4434 gregem
907 4347 1059 4417 feliciter
1074 4347 1118 4415 ad
1134 4363 1197 4416 vos
1349 4333 1544 4406 Historiam
1567 4337 1652 4407 belli
1671 4338 1863 4411 tristlssimi
1880 4345 1977 4436 qarod
1992 4343 2032 4413 in
2048 4342 2249 4421 Bavariaet

196 4449 364 4519 reducere
389 4447 520 4536 possim
541 4447 674 4514 salvam
698 4457 733 4516 et
756 4446 943 4521 valentem.
993 4444 1196 4541 DataeKy.
1244 4435 1376 4508 Suevia
1394 4451 1528 4526 gestum
1551 4450 1665 4509 totum
1687 4441 1725 4510 in
1742 4440 1934 4514 Saxoniam
1955 4458 2112 4517 nostram
2126 4463 2245 4520 trans-

1246 4540 1357 4608 latum
1375 4551 1427 4608 est
1443 4553 1477 4610 et
1493 4540 1693 4612 tristissimo
1710 4557 1839 4614 eventu
1855 4546 2012 4632 linitum,
2040 4563 2135 4620 certo
2157 4551 2245 4639 scio,

1243 4664 1306 4710 vos
1339 4663 1379 4710 ex
1407 4640 1485 4710 aliis
1512 4643 1616 4712 certis
1642 4637 1850 4715 bominibus
1877 4648 2094 4736 cognovisse.
2152 4648 2245 4735 Cum

1243 4756 1359 4812 autem
1382 4743 1564 4832 superiore
1584 4767 1678 4812 anno
1703 4744 1742 4814 in
1764 4745 1834 4814 line
1857 4744 2047 4820 authumni
2070 4752 2243 4845 oppidum

1029 4863 1088 4922 21.
1108 4849 1194 4940 Seps
1242 4843 1456 4932 Witeberga
1488 4846 1590 4914 firmo
1623 4847 1800 4938 praesidio
1831 4851 2036 4923 muniretur
2070 4854 2242 4945 principis

1022 4942 1195 4973 Μ
1241 4941 1417 5015 Electoris
1440 4945 1543 5016 tertio
1565 4948 1700 5030 edicto,
1725 4947 1784 5015 vix
1801 4951 1919 5040 potuit
1936 4953 2101 5043 compelli
2115 4953 2243 5024 Domi·

196 4550 339 4639 aingae,
364 4551 426 4622 90.
442 4549 499 4617 die
514 4545 711 4640 Septembr.
728 4547 845 4639 pridie
861 4543 1037 4663 Matthaei
1055 4547 1164 4623 1547.

203 4741 423 4753 —o-——un-e--u-
1069 4739 1192 4749 —‘’

192 4846 388 4977 Q.

411 5000 584 5086 Ederae
605 4999 674 5084 ad'
684 4996 893 5087 Comitem
908 4993 971 5087 N.

261 5142 285 5219 'g
301 5142 340 5199 tt:
353 5142 520 5213 autographo
533 5139 614 5195 liberi
628 5140 657 5195 in
670 5140 734 5195 cod.
747 5139 831 5195 Goth.
845 5138 907 5194 tes.
921 5157 964 5208 ep.
976 5134 1021 5192 9l.
1043 5130 1096 5194 Est
1105 5139 1193 5212 prims

187 5212 195 5223 ‘
296 5211 426 5283 epistolae
441 5207 604 5270 delineatio,
621 5209 656 5263 ab
667 5208 758 5264 Ebsro
770 5209 822 5263 sibi
834 5217 979 5264 racemata·

197 5300 409 5321 *nnn—n

224 5343 260 5411 r)
278 5342 521 5425 arnasano.
540 5306 888 5424 vacuasssipa.
981 5372 983 5376 1
1059 5409 1065 5423 ·

224 5410 474 5538 ”igtulsptbprr
495 5414 577 5533 altgrla
598 5421 735 5534 εαέἳῗέιο
756 5412 835 5465 lo'elrs
854 5410 1016 5482 propbetas,
1039 5408 1094 5466 rad.
1113 5407 1188 5482 Opp.

330 5519 338 5539 Ι
403 5519 413 5539 Ο
456 5498 511 5536 om·
567 5498 621 5553 lp·
703 5514 714 5535 0

1241 5068 1310 5116 nus
1324 5039 1545 5142 Philippus,
1580 5063 1619 5118 ut
1634 5071 1712 5117 eum
1731 5048 1812 5120 aliis
1830 5050 1973 5141 collegis
1989 5055 2078 5123 urbe
2092 5057 2238 5126 excede-

1240 5144 1305 5233 ret,
1330 5163 1364 5218 et
1380 5149 1496 5216 locum
1514 5150 1613 5219 daret
1628 5149 1747 5232 militi,
1773 5148 1831 5219 eoi
1846 5176 1924 5222 cum
1937 5149 2152 5225 scholasticis
2165 5180 2240 5227 non

1155 5258 1159 5264 '
1240 5250 1330 5318 bene
1344 5251 1567 5322 'corrueniret
1620 5247 1677 5320 lbi
1698 5251 1759 5320 alii
1780 5251 1851 5320 alio
1872 5275 1910 5331 se
1926 5269 2152 5347 receperunt,
2175 5258 2242 5329 ubi

1240 5374 1276 5419 se
1299 5362 1393 5420 tutos
1417 5350 1494 5419 fore
1517 5352 1761 5437 crediderunt,
1786 5354 1899 5423 donec
1922 5355 2009 5425 belli
2032 5356 2238 5430 incendium

1239 5450 1535 5542 restingueretur,
1567 5476 1633 5522 nec
1659 5452 1814 5522 inveniri
1835 5453 1934 5528 locus
1956 5458 2012 5528 vel
2028 5457 2075 5551 ,in
2096 5455 2238 5532 Durata
