4882 6426
115 307 191 386 tat

118 478 185 552 No.
201 476 313 552 8881.
401 501 406 511 ·
952 482 1108 566 (EAP‘)

118 574 329 606 Μ
972 579 1116 608 Ἢν

505 660 554 748 Ρ.
579 661 727 749 Ebero.

187 841 272 913 spui.
289 839 337 897 lit.
348 842 384 897 u.
399 860 427 914 ρ.
444 842 503 898 isa
522 843 577 911 (ea.
592 820 736 900 iona.'iii.
753 841 788 898 ii.
808 859 850 912 ep.
867 840 948 910 isai

388 995 444 1075 D.
470 992 627 1072 Paulo
648 991 852 1095 Ebero*)

119 1113 163 1204 S.
190 1127 235 1200 D.
287 1129 421 1222 Scripsi
440 1133 553 1224 capita
569 1133 852 1202 consolationum
868 1128 937 1201 boc
950 1145 1106 1223 tempore

119 1233 224 1301 uobis
240 1232 529 1321 cogitandarum,
554 1235 685 1327 quibus
709 1229 801 1302 milii
825 1234 968 1327 quidem
994 1233 1107 1304 inter-

121 1335 206 1402 dum
222 1333 317 1402 lenio
335 1335 495 1418 dolores,
521 1359 611 1428 quae
625 1332 741 1405 isthuc
763 1336 920 1404 adferam
942 1348 1106 1428 typogra-

119 1431 218 1526 phis,
249 1436 406 1505 adferam
427 1450 461 1507 et
481 1431 730 1528 Stigeliaiiam
753 1438 952 1526 pecuniam.
1002 1435 1107 1507 Nunc

121 1550 155 1606 te
177 1560 258 1615 oro,
297 1550 338 1605 ut
358 1535 504 1610 Rectori
533 1535 629 1607 hunc
651 1538 875 1608 tabellarium
897 1538 1042 1608 missum
1067 1561 1107 1605 ex

119 1631 407 1731 Loaeborgensi
418 1641 558 1719 ,ducatu
579 1641 820 1724 commendes,
858 1651 893 1709 et
914 1639 1107 1729 negotium,

120 1740 164 1809 de
184 1764 256 1832 quo
276 1739 395 1809 literas
419 1742 552 1826 adfert,
582 1742 704 1832 perfici
729 1763 840 1815 cures.
907 1739 1040 1813 Scribit
1061 1744 1106 1809 ad

119 1837 310 1911 Rectorem
332 1842 416 1910 satis
440 1839 641 1939 dypoixoic,
675 1838 720 1913 οὐ
741 1835 816 1939 γὰρ
835 1846 926 1922 νοῦς
950 1839 1004 1916 ἑνὶ
1024 1867 1106 1915 κεν-

119 1935 332 2035 ταύροισιν,
367 1943 569 2012 adolescens
596 1957 701 2012 natus
722 1945 760 2010 in
784 1944 919 2012 familia
941 1946 1107 2037 equestri,

119 2065 160 2111 ac
189 2045 234 2111 de
255 2044 383 2112 studiis
407 2057 440 2112 et
459 2045 620 2112 moribus
642 2045 882 2114 testimonium
905 2047 1011 2137 petit,
1043 2069 1107 2115 nec

120 2157 240 2212 tamen
254 2144 386 2212 indicat
402 2145 532 2237 quibus
547 2146 625 2213 istic
638 2159 744 2214 notus
758 2146 876 2217 fuerit.
928 2145 997 2218 Sed
1013 2170 1107 2215 nun·

121 2246 196 2315 cius
209 2257 332 2313 narrat
348 2267 384 2312 se
397 2268 501 2314 nosse
517 2239 664 2336 hospitii
681 2247 808 2320 locum.
861 2245 934 2317 Ubi
951 2247 1107 2318 audieri-

120 2349 166 2417 tis
180 2347 375 2415 mediocres
388 2347 496 2415 fuisse
511 2369 646 2434 mores,
668 2370 794 2417 censeo
812 2348 843 2416 ei
858 2351 1015 2419 dandum
1036 2372 1108 2418 esse

40 2530 43 2535 ¹
122 2449 384 2533 testimonium,
416 2472 488 2540 quo
511 2447 667 2517 fortassis
693 2472 734 2517 eo
762 2450 915 2538 indiget,
956 2452 1039 2543 quia
1070 2449 1109 2520 ἐν

123 2546 294 2645 ἱερατικῷ
307 2541 469 2647 τάγματι
484 2550 602 2617 locum
618 2550 716 2640 petit.
767 2545 887 2621 Audio
909 2549 973 2624 καὶ
985 2549 1110 2643 χωλὸν

123 2646 227 2723 εἶναι.
280 2651 361 2720 Non
381 2651 490 2719 simus
505 2650 665 2719 difficiles
680 2651 718 2718 in
733 2676 770 2720 re
794 2676 866 2721 non
890 2656 1010 2743 magni
1033 2678 1110 2722 mo-

121 2754 246 2827 menti.
297 2751 444 2824 Caetera
466 2775 595 2824 coram.
653 2750 750 2822 Bene
781 2766 815 2823 et
845 2754 995 2825 feliciter
1022 2756 1110 2823 vale.

122 2851 191 2925 Die
222 2879 294 2949 quo
325 2855 525 2938 celebratur
556 2853 725 2922 memoria
763 2856 923 2925 sacrificii
951 2856 1112 2926 omnium

122 2957 270 3043 summi,
294 2956 332 3024 in
351 2980 422 3048 quo
440 2954 535 3023 filius
551 2951 619 3023 Dei
637 2979 702 3045 pro
727 2957 831 3024 nobis
854 2958 965 3027 factus
987 2970 1038 3026 est
1058 2959 1112 3025 vi-

125 3058 250 3142 ctima,
286 3058 325 3126 in
356 3082 427 3149 quo
450 3055 613 3124 omnium
636 3068 798 3126 nostruin
828 3060 956 3128 scelera
980 3074 1113 3139 runt

124 3172 254 3240 mn.
322 3156 473 3249 Propter
505 3153 597 3226 hanc
624 3158 803 3227 victimam
824 3157 921 3230 Deus
951 3175 1115 3231 aeternus

127 3260 263 3348 mitiget
276 3256 454 3332 Ecclesiae
470 3282 553 3327 suae
575 3259 679 3328 etiam
704 3255 811 3330 buius
831 3265 1000 3353 temporis
1023 3264 1116 3334 cala-

32 3392 38 3401 ν
124 3361 274 3431 mitates.
326 3360 457 3432 lterum
474 3362 560 3431 vale.

112 3658 192 3754 uo.
215 3680 329 3752 aasz.

126 3777 302 3807 Μ

942 3687 994 3764 (8·
1010 3683 1105 3767 apr.)

939 3776 1111 3809 Μ

537 3844 709 3929 Eidem.

195 4022 280 4095 Epist.
298 4022 347 4080 lib.
365 4021 413 4076 lll.
430 4043 458 4094 p.
472 4023 532 4076 208.
558 4022 612 4088 (ed.
626 4021 717 4081 Lond.
739 4021 785 4076 lib.
798 4020 846 4080 lll.
863 4043 904 4095 ep.
919 4026 1003 4093 lte).
1039 4030 1115 4095 Apo.

226 4093 350 4165 grapboii
372 4094 400 4145 in
422 4093 484 4148 eod.
503 4096 588 4162 Lang.
616 4112 643 4161 p.
665 4093 705 4146 tt.
730 4119 763 4132 -
808 4091 856 4147 Est
873 4095 901 4147 in
922 4096 1015 4150 eadem
1037 4116 1116 4152 causa

227 4164 326 4232 scripta
339 4161 405 4214 baec
420 4162 541 4231 epistola,
560 4178 613 4230 qua
626 4159 802 4242 antecedens²
820 4148 848 4215 et
860 4164 999 4235 quaeritur
1012 4186 1046 4221 an
1061 4187 1115 4222 iion

228 4233 318 4302 potius
333 4230 378 4284 alii
392 4249 474 4302 quani
487 4229 577 4283 Ebero
591 4227 721 4298 inscripta
733 4228 825 4283 fucrit.

453 4379 604 4486 Paulo
630 4379 783 4455 Ebero

121 4511 168 4599 S.
192 4519 238 4595 D.
287 4517 358 4590 llic
382 4517 589 4591 tabellarius
613 4541 654 4585 ex
678 4518 809 4587 ducatu
829 4508 1117 4615 Luncburgcnsi'

119 4625 321 4721 Epistulam
345 4623 478 4708 adfert,
509 4619 675 4710 scripta'm
697 4642 717 4688 a
742 4613 960 4691 Scholastica
975 4622 1111 4694 Acade-

121 4732 216 4801 miae
230 4737 389 4806 nostrae,
412 4737 495 4792 nato
512 4722 552 4790 in
567 4720 702 4789 familia
718 4716 904 4812 Equestri,
930 4726 994 4816 qui
1014 4729 1111 4796 testi-

119 4829 285 4903 monium
312 4825 400 4918 petit
428 4821 623 4896 aRectore
651 4824 695 4890 de
722 4821 851 4890 studiis
875 4837 911 4893 ct
939 4827 1111 4899 moribus.

119 4930 204 5005 Etsi
217 4942 335 5000 autem
351 4927 436 4998 satis
457 4921 641 5023 dypotzaic
663 4918 726 5016 (οὗ
747 4917 822 5020 γὰρ
843 4927 933 5003 νοῦς
953 4922 1008 4998 ἐνὶ
1028 4953 1109 5003 κεν.

132 5132 337 5150 Μ

153 5258 186 5324 s)
203 5249 334 5324 sequitur
348 5248 460 5321 epistola
472 5248 593 5304 eiusdem
613 5251 783 5322 argumenti,
803 5252 882 5307 ctiam
897 5246 988 5307 Elim
1006 5254 1114 5313 inscri-'

188 5333 244 5394 pta.
279 5320 359 5373 Binas
374 5317 469 5399 igitur,
486 5328 516 5398 ut
528 5318 666 5373 interdum
679 5318 773 5403 politus
788 5333 830 5374 cst
842 5322 895 5375 boc
914 5330 1036 5392 tempore
1057 5346 1105 5395 pe.

184 5389 326 5513 pppploso,
347 5395 452 5457 scripsit
469 5386 612 5457 epistolas,
635 5391 686 5443 nisi
707 5389 792 5445 alteia
809 5388 956 5458 Crusi'gero
977 5392 1105 5466 inscripta

115 5534 415 5616 disseramorra.
441 5510 524 5595 Voi..
537 5528 596 5597 Vl.

729 305 1165 387 Et’tst‘onautitu
1226 306 1333 387 LlB.
1358 312 1403 386 X.
1434 318 1564 393 1547.

2073 341 2149 433 4⁸2

1158 473 1324 576 ταύροις)
1347 452 1434 573 petit
1458 483 1737 578 Testimonium,
1774 462 1849 567 non
1880 501 2042 578 indicans
2073 536 2142 603 eos,

1158 585 1289 675 quibus
1313 599 1419 656 notus
1439 587 1562 659 fuerit:
1598 605 1715 662 tamen
1741 597 1823 688 quia
1848 607 2001 678 nuncius
2024 632 2144 688 narrat

1158 706 1194 753 se
1214 684 1290 754 loca
1310 682 1457 777 hospitii
1482 691 1557 759 eius
1585 716 1706 779 nosse,
1745 699 1978 785 gratificemur
2001 713 2043 781 ei.
2100 717 2144 789 Si

1120 854 1123 861 ,
1157 781 1314 876 hospites
1329 803 1474 858 narrant
1489 793 1682 864 mediocres
1697 797 1804 868 luisse
1819 825 1943 891 mores,
1967 814 2140 890 scribatur

1158 884 1429 963 Testimonium.
1496 889 1616 963 Audio
1645 891 1772 987 χωλὸν
1792 924 1881 990 esse,
1921 922 1954 979 et
1983 913 2139 992 fortassis
2191 913 2197 921 ¹

1157 988 1292 1058 aditum
1307 985 1415 1061 liabet
1428 993 1477 1073 εἰς
1490 990 1676 1088 ἱερατικὸν
1693 994 1821 1098 τάγμα
1836 998 1868 1101 ¹)
1887 1023 1930 1079 ut
1949 1011 2007 1084 isti
2031 1041 2140 1110 quae-

1156 1103 1243 1159 runt
1257 1091 1340 1159 talia
1357 1096 1696 1193 ncwgoipogoeiffl),
1723 1101 1806 1173 ldeo
1826 1108 1979 1182 arbitror
1999 1117 2031 1185 ei
2052 1144 2141 1210 opus

1158 1214 1229 1259 esse
1239 1186 1449 1265 Academiae
1464 1198 1587 1271 literis.
1639 1198 1735 1272 Bene
1749 1207 1838 1281 vale.
1888 1209 1972 1285 Post
1989 1222 2058 1287 mei
2072 1226 2141 1292 mi-

1156 1293 1260 1360 nistri
1283 1295 1456 1378 reditum,
1489 1301 1533 1366 ad
1560 1324 1623 1369 vos
1645 1305 1861 1394 proficiscar,
1886 1311 1965 1383 Deo
1988 1318 2141 1412 iuvante,

1157 1407 1198 1463 ut
1212 1389 1463 1487 Sligcli’auam
1483 1402 1667 1489 pecuniam
1681 1407 1857 1495 adferam,
1883 1436 1924 1483 ac
1937 1418 1981 1484 de
1997 1427 2141 1497 caeteris

1157 1508 1272 1565 tecum
1288 1498 1423 1590 loquar.
1480 1498 1611 1571 lterum
1628 1506 1716 1577 vale.
1766 1508 1834 1580 Die
1854 1537 1923 1605 qua
1945 1520 2142 1599 celebratur

1158 1599 1328 1667 memoria
1343 1599 1543 1670 admirandi
1556 1601 1707 1676 Consilii
1727 1609 1860 1696 divini,
1885 1641 1956 1709 quo
1981 1635 2142 1698 aeternus
2218 1656 2220 1660 ·

1158 1694 1263 1766 Pater
1290 1698 1421 1770 Filium
1446 1700 1634 1773 Victimam
1662 1708 1738 1777 fieri
1769 1713 1899 1800 voluit,
1939 1735 1975 1790 et
1999 1723 2038 1793 in
2062 1752 2142 1799 eum

1159 1801 1319 1869 omnium
1334 1815 1493 1872 nostrum
1510 1822 1648 1895 peccata
1665 1811 1865 1911 coniecit³).

1162 1997 2136 2043 ----·--·-·-------.-.........

1160 2121 1227 2195 Νο.
1253 2123 1365 2197 8888.

1163 2220 1372 2252 m

1846 2146 1925 2225 (fere
1941 2149 1971 2212 d.
1990 2158 2021 2220 8.
2039 2151 2134 2240 Aps.)

1840 2241 2149 2292 *fv-s.

1427 2321 1611 2439 Georgia
1632 2328 1890 2423 Antiatum.

1230 2482 1477 2626 Sellie'pt.¹epipt.⁵²p).
1497 2488 1558 2544 290.
1600 2489 1716 2563 Epistol.
1735 2493 1817 2553 libl.
1835 2515 1861 2570 p.
1876 2498 1934 2554 tot.
1957 2499 2037 2571 (edit.
2060 2507 2148 2573 Lond.

1304 2692 1357 2769 D.
1384 2690 1559 2794 Georgi
1566 2725 1588 2770 o
1611 2693 1781 2802 Principi‘
1792 2702 2012 2787 Anhaldi‘no

1163 2813 1210 2905 S.
1235 2836 1284 2908 D.
1335 2835 1453 2907 Multa
1467 2840 1633 2910 accidunt
1654 2843 1802 2935 singulis
1823 2842 2029 2926 bominibus
2053 2857 2154 2929 inex-

1165 2936 1338 3007 tricabilia
1363 2934 1520 3009 humano
1545 2944 1704 3014 consilio.
1755 2945 1863 3020 Plura
1885 2979 1969 3025 vero
1992 2956 2155 3050 lmperiis
2252 2936 2254 2941 .

1167 3050 1204 3107 et
1215 3035 1405 3112 Ecclesiae.
1458 3039 1765 3131 Quarelersmias
1778 3051 1952 3127 clamitat:
1978 3053 2156 3132 ScioDo-

1167 3136 1283 3221 mine,
1311 3137 1409 3219 viam
1427 3134 1591 3214 hominis
1609 3169 1683 3214 non
1697 3156 1802 3245 posse'
1818 3155 1899 3247 regi
1919 3166 2063 3233 lantum
2085 3156 2158 3233 his·
2176 3199 2180 3205 ·

1168 3241 1292 3311 manis
1309 3240 1487 3320 consiliis.
1538 3244 1609 3319 Sed
1631 3248 1712 3319 ideo
1731 3248 1828 3323 Deus
1851 3280 1916 3327 nos
1939 3260 1984 3330 ita
2013 3280 2160 3352 exercet,

1167 3344 1250 3437 quia
1268 3345 1346 3414 vult
1359 3368 1440 3430 nos,
1464 3371 1538 3416 nou
1554 3362 1725 3420 tantuma
1740 3357 1870 3426 nostris
1889 3363 2047 3433 consiliis
2070 3390 2168 3457 peu-⁴

1169 3447 1271 3524 dere,
1296 3449 1357 3514 sed
1373 3449 1417 3515 ab
1433 3448 1522 3538 ipso.
1573 3448 1757 3522 Faciamus
1781 3456 1888 3547 igitur
1911 3468 2007 3556 qnod
2030 3469 2160 3555 docuit,

1169 3544 1489 3639 Humiliemursub
1511 3553 1648 3640 potenti
1671 3576 1781 3624 manu
1804 3557 1888 3644 Dei,
1921 3589 2011 3656 quae
2035 3584 2160 3658 potens

1171 3657 1241 3726 est,
1268 3669 1341 3714 non
1360 3649 1475 3717 solum
1491 3652 1535 3717 ad
1555 3658 1806 3741 premendum,
1837 3665 1895 3731 sed
1919 3667 2089 3741 etiamad
2113 3672 2161 3741 li·

1171 3749 1347 3817 beraudos
1364 3744 1568 3820 invocantes
1586 3752 1715 3843 ipsum.
1766 3756 1916 3833 Etiamsi
1936 3771 2081 3858 puniet,
2106 3788 2161 3845 ta-

1171 3873 1252 3941 men
1277 3850 1315 3918 in
1337 3852 1391 3920 ira
1407 3852 1936 3937 misericordiaerecordabitur.
1987 3869 2073 3941 Misi
2089 3873 2160 3946 iani

1170 3949 1410 4047 Typographo
1426 3956 1589 4045 pagellas,
1614 3957 1653 4024 in
1669 3960 1798 4051 quibus
1813 3965 1938 4058 collegi
1955 3991 2161 4062 argumenta

1170 4056 1473 4139 consolationum,
1494 4081 1580 4148 quas
1596 4055 1635 4130 C.
1654 4057 1698 4132 Τ.
1717 4061 1874 4148 mittam,
1902 4095 1981 4141 cum
2002 4077 2160 4166 primum

1170 4158 1283 4225 editae
1298 4171 1413 4226 erunt.
1463 4157 1644 4248 Mitigabit
1658 4159 1755 4231 Deus
1779 4190 1967 4244 aerumnas
1989 4176 2160 4251 invocan-

1168 4260 1263 4327 tibus
1287 4257 1421 4349 ipsum‚
1448 4272 1488 4328 ut
1515 4285 1617 4351 saepe
1639 4261 1706 4352 ipsi
1720 4270 1854 4359 experti
1867 4294 2008 4362 sumus,
2033 4296 2068 4351 ct
2081 4284 2159 4355 vult

1167 4360 1240 4449 peti
1264 4372 1300 4428 et
1324 4361 1498 4449 expectari
1518 4364 1792 4454 mitigationem,
1826 4395 1900 4441 non
1923 4379 2000 4448 vult
2024 4404 2089 4451 uos
2106 4384 2160 4456 ira

1168 4474 1201 4529 et
1215 4450 1459 4546 indignatione
1472 4475 1506 4530 et
1521 4465 1764 4557 desperatione
1789 4477 2042 4555 contabescere.
2093 4484 2158 4557 Li.-

1166 4575 1257 4631 teras
1274 4561 1356 4629 dedi
1380 4563 1607 4653 gubernatori
1625 4562 1796 4656 Scholae,
1821 4570 1933 4647 Servo
1950 4576 2157 4685 Maisan),
2237 4598 2240 4603 ·

1166 4663 1228 4755 qui
1242 4644 1349 4733 'offeri
1363 4686 1399 4731 se
1419 4667 1463 4732 ad
1489 4667 1724 4738 ministerium
1739 4668 2005 4766 Evangelicum.
2056 4685 2155 4762 Bene

1165 4777 1198 4833 et
1212 4765 1361 4833 feliciter
1376 4767 1490 4839 ualeat
1505 4765 1545 4837 C.
1558 4767 1602 4842 T.
1938 4797 1943 4807 “

1199 5050 1225 5114 1)
1243 5045 1310 5100 Cod.
1325 5048 1409 5123 Laug.
1422 5049 1560 5121 repetisti
1574 5051 1761 5126 ταμιεύεσθαι.

1173 5180 1181 5189 ,
1195 5131 1223 5200 2)
1244 5130 1312 5186 Cod.
1326 5134 1411 5200 Lang.
1424 5133 1608 5205 πτωχδόχεια.

1194 5215 1223 5281 8)
1243 5218 1311 5281 tegit
1328 5218 1390 5273 cod.
1403 5217 1488 5291 Lang.

1193 5304 1220 5366 ⁸)
1240 5299 1301 5380 yid.
1323 5301 1399 5371 epist.
1417 5301 1444 5355 d.
1458 5306 1499 5355 10.
1513 5305 1601 5373 April.
1638 5307 1670 5360 lu
1691 5309 1803 5364 nomine
1815 5311 1919 5369 Manae
1935 5317 2069 5375 mendam
2087 5342 2147 5381 esse

1227 5370 1345 5445 ridetur.
1381 5368 1478 5436 Eune:
1500 5371 1696 5428 Kiicdstniari?

1314 5530 1431 5611 811
