4882 6436
88 340 164 416 eos
679 310 1115 420 urisrouaauu
1159 343 1270 447 cm.
1303 325 1350 425 x.
1400 345 1531 423 raro.
2053 360 2128 433 eoo

118 509 177 583 M
180 507 362 582 iclzacli
386 509 445 583 M
449 512 745 609 cienbargio‚
780 510 926 621 copsali
943 511 1062 588 Nort-
1134 510 1334 606 Augustani
1359 514 1662 591 etEichstatensis
1685 537 1852 616 occupata
1871 549 1958 600 esse.
2007 526 2128 599 Deum

509 611 669 687 bersana.
1133 631 1315 688 aeternum
1338 634 1474 711 patrem
1496 622 1634 692 domini
1657 625 1770 694 nostri
1791 625 1869 696 lesu
1889 625 2021 701 Christi
2047 656 2124 716 oro,

1130 733 1169 789 ut
1186 722 1357 808 gubernet
1383 736 1416 793 et
1441 725 1619 797 defendat.
1670 723 1779 798 Mitto
1802 729 1871 799 tibi
1886 731 2048 801 libellum
2064 757 2122 802 re-

1130 844 1211 890 cens
1227 817 1285 892 hic
1300 824 1445 899 editum.
1496 823 1595 895 Beue
1611 825 1700 900 vale.
1750 825 1818 899 Die
1832 829 1918 901 lulii
1933 831 1995 906 27.

1632 923 1824 1024 Philippus
1845 930 2072 1008 Melanthon.

91 749 138 838 S.
165 765 210 836 D.
246 763 326 835 Etsi
342 767 445 836 multi
462 765 647 857 Principes
664 767 809 836 consilia
825 767 1007 836 faciendae
1019 790 1099 857 pa-·

93 870 142 938 cis
159 882 349 961 quaerunt:
384 883 502 936 tamen
518 864 674 937 humana
692 868 839 936 consilia
856 892 980 960 parum
997 894 1084 959 pro-

91 973 225 1039 iectura
250 992 331 1051 esse
348 971 512 1041 arbitror.
564 968 634 1038 Sed
652 966 748 1038 Deus
771 984 952 1054 aeternus,
978 966 1083 1039 Pater

90 1069 162 1143 Du.
186 1071 298 1138 nostri
321 1067 350 1139 Ι.
369 1069 428 1154 C.‚
467 1072 623 1139 orandus
645 1084 716 1156 est,
748 1085 789 1141 ut
811 1067 1006 1157 Ecclesias‚
1041 1072 1081 1138 in

92 1173 221 1264 quibus
233 1185 335 1240 sonat
352 1197 419 1240 vox
435 1169 631 1260 Evangelii,
658 1185 690 1240 et
708 1170 867 1257 Politias,
894 1172 1080 1268 inquibus

41 1288 46 1324 a
90 1275 264 1357 vivimus,
298 1274 482 1357 defendat,
515 1286 549 1341 et
574 1287 703 1357 servet,
729 1288 763 1343 et
786 1287 826 1344 ut
849 1289 980 1360 servet,
1005 1299 1079 1358 oro,
1141 1282 1208 1358 No,
1225 1285 1340 1362 5521,
1984 1299 2121 1370 221ug

90 1400 129 1443 ac
145 1399 267 1464 spero,
293 1376 487 1444 mediocres
508 1375 584 1442 fore
605 1374 717 1443 exitus
735 1370 841 1444 huius
860 1377 957 1448 belli.
1008 1375 1078 1452 Sed
1130 1379 1344 1420 Μ
1993 1393 2120 1419 Μ

90 1479 246 1566 prolecto
271 1477 458 1544 consilium
479 1473 600 1544 Caroli
625 1474 851 1566 imperatoris
876 1479 1023 1547 stultum
1041 1470 1078 1571 *)
1401 1469 1552 1558 Ioaclt.
1587 1473 1845 1563 Camerario.

89 1578 156 1645 fuit
184 1578 227 1644 de
260 1578 354 1645 bello
384 1579 571 1649 movendo.
633 1574 725 1645 Nam
753 1579 857 1647 etiarn
884 1580 1079 1669 profligatis
1192 1606 1515 1703 mammam
1541 1618 1602 1686 554.
1623 1632 1671 1703 (ed
1695 1634 1772 1690 Lond
1798 1636 1837 1690 w
1859 1637 1932 1705 703)

88 1676 316 1767 Principibus
337 1678 494 1748 civitates
512 1675 726 1748 Germaniae
747 1680 938 1770 superioris
960 1682 1078 1772 potius
1518 1672 1527 1693 ⁹
1673 1677 1683 1698 '
1775 1673 1784 1691 ⁹
1840 1677 1847 1692 ⁸
1912 1677 1946 1693 ”

90 1804 169 1847 curn
188 1777 361 1848 Helvetiis
376 1804 411 1849 se
427 1781 679 1849 coniuncturae
693 1794 830 1863 essent,
855 1806 962 1874 quam
979 1806 1078 1851 acce·
1122 1774 1349 1857 Clarissimo
1371 1790 1459 1862 ‘ciro
1479 1788 1682 1864 eruditione
1706 1802 1738 1863 ct
1762 1792 1894 1864 virtute
1912 1794 2126 1892 praestanti

88 1895 211 1970 pturae
228 1877 461 1971 Hispanicum
478 1879 681 1970 Imperium.
723 1879 820 1952 siin
837 1896 998 1953 nostrum
1014 1908 1078 1975 op·
1122 1881 1149 1954 I
1155 1880 1284 1964 auch.
1311 1880 1347 1960 C
1353 1915 1437 1964 am.
1462 1888 1576 1970 Bam.
1590 1896 1710 1965 amico
1724 1903 1755 1965 et
1764 1893 1892 1993 fratri
1903 1920 1972 1970 suo
1987 1895 2121 1968 caries.

86 1983 212 2072 pidum
228 1984 421 2053 adducetur
432 1983 661 2072 praesidium,
685 1982 776 2053 filios
791 1985 929 2054 mittam
943 1988 988 2055 ad
1004 2009 1076 2057 vos.

89 2082 196 2170 Quod
221 2108 319 2151 meae
346 2085 500 2153 familiae
525 2079 718 2175 hospitium
747 2085 900 2172 offertis,
933 2084 1078 2158 etmihi

84 2210 245 2280 pannum
263 2189 425 2267 misistis,
452 2187 579 2277 gratias
596 2186 696 2255 vobis
713 2211 789 2276 ago.

191 2288 324 2357 Vinum
339 2286 474 2374 adhuc,
496 2286 564 2357 Dei
579 2288 760 2372 beneficio,
787 2312 994 2380 generosum
1013 2286 1079 2360 ha-

85 2394 220 2463 bemus.
256 2389 309 2460 De
324 2389 477 2462 Doctore
491 2386 667 2458 Dracone
685 2392 808 2461 malim
824 2417 941 2462 coram
957 2393 1079 2462 vobis-

85 2517 166 2563 cum
190 2493 300 2585 loqui.
365 2489 556 2573 †Probus
580 2493 637 2560 vir
658 2506 725 2578 est,
764 2497 845 2580 sed,
878 2508 919 2565 ut
944 2505 1077 2578 metuo,

84 2595 228 2674 durior,
264 2617 371 2685 quam
402 2596 673 2682 gubernatorem
709 2619 782 2666 esse
807 2596 896 2667 utile
922 2590 1076 2693 θείω),

86 2694 183 2766 Beue
199 2697 322 2765 valete.
372 2692 440 2765 Die
457 2695 701 2787 Magdalenae.

1128 1140 2144 1175 ---——-*-—--·-—---·----..-.........-·

1121 2015 1163 2107 S.
1189 2034 1235 2115 u.
1289 2039 1452 2112 Gratiam
1478 2045 1547 2114 taor
1577 2041 1711 2130 habeo,
1743 2047 1839 2140 quoa
1868 2047 1971 2119 eones
1992 2047 2121 2117 truens

1122 2140 1235 2211 lenire
1257 2167 1375 2212 meam
1397 2147 1614 2226 moesticiam
1638 2147 1778 2232 stodes,
1803 2150 1899 2240 quod
1914 2149 2058 2240 quidem
2075 2174 2120 2218 eo

1121 2238 1362 2332 mihigratius
1378 2259 1440 2332 est,
1465 2247 1548 2339 quia
1565 2272 1645 2319 cum
1661 2248 1768 2319 sciam
1781 2261 1816 2318 te
1833 2273 1975 2342 quoque
1989 2250 2026 2316 in
2041 2273 2119 2318 ma-
2144 2240 2146 2247 ¹

1121 2365 1192 2431 gno
1207 2346 1331 2415 dolore
1346 2370 1441 2431 esse,
1466 2349 1598 2418 videris
1614 2351 1748 2440 erigere
1762 2364 1798 2420 te
1815 2350 1910 2442 ipse,
1935 2364 1969 2421 et
1985 2351 2118 2439 cogita-

1121 2445 1219 2515 tione
1235 2470 1355 2517 earum
1371 2438 1680 2538 consolationum,
1705 2474 1793 2545 quas
1806 2448 1903 2522 Deus
1919 2453 2121 2544 proposuit,

1120 2546 1305 2618 tristiciam
1321 2549 1511 2623 moderari.
1546 2548 1642 2621 Mihi
1663 2554 1821 2643 profecto
1835 2553 1874 2621 in
1888 2548 1956 2622 hoc
1971 2554 2117 2644 publico

1121 2647 1236 2732 luctu,
1273 2651 1379 2719 etiam
1407 2664 1490 2721 tuus
1513 2654 1618 2723 dolor
1638 2677 1740 2745 saepe
1761 2667 1864 2743 auget
1887 2655 2118 2729 moesticiam.

827 2792 923 2866 Phil.
1120 2748 1191 2821 Sed
1215 2763 1251 2820 te
1274 2747 1465 2837 adhortor,
1491 2766 1531 2823 ut
1547 2755 1642 2847 quod
1658 2757 1765 2843 lacis,
1790 2754 1923 2825 divinis
1939 2769 1974 2826 te
1988 2779 2117 2824 conso-

913 2822 1028 2930 ¹ppu⁸f
1119 2851 1313 2922 lationibus
1335 2868 1521 2925 sustentes.
1574 2853 1683 2925 Domi
1702 2859 1809 2927 etiam
1826 2851 2011 2930 honestiss.
2028 2881 2116 2926 con·

1119 2952 1211 3039 iugis
1227 2966 1316 3023 -tuae
1348 2967 1382 3024 et
1415 2955 1557 3027 dulciss.
1580 2957 1776 3026 liberorum
1800 2959 2057 3027 consuetudine
2080 2972 2116 3027 te

1119 3054 1284 3128 oblectes.
1337 3053 1432 3141 lmo,
1458 3056 1619 3148 inquies,
1644 3053 1709 3127 hos
1723 3081 1802 3128 curn
1818 3060 1967 3150 aspicio,
1990 3059 2114 3129 crescit

96 3129 162 3200 ΝΘ·
177 3127 288 3203 352⁰·
824 3180 834 3204 s
932 3131 1074 3252 Q
1118 3155 1232 3225 dolor.
1281 3154 1341 3226 Pit
1356 3150 1425 3226 hoc
1441 3157 1635 3232 interdum.
1685 3157 1878 3228 Sedvelim
1894 3158 2034 3247 cogites,
2058 3159 2113 3228 fa-

451 3282 457 3296 ·
1116 3256 1233 3325 milias
1257 3257 1398 3348 piorum
1414 3257 1497 3326 Deo
1521 3282 1628 3327 curae
1643 3265 1740 3343 csse,
1762 3259 1873 3330 etiam·
1884 3261 1979 3328 inter
1995 3257 2112 3348 lmpe-

292 3430 294 3435 ,
455 3331 492 3420 Ῑ.
521 3332 692 3444 [langa.
1116 3357 1252 3426 riorum
1266 3359 1399 3430 ruinas.
1450 3354 1529 3449 Ego
1542 3380 1616 3429 non
1635 3382 1732 3429 nunc
1746 3360 1904 3451 primum
1918 3360 2039 3430 dolere
2053 3361 2113 3429 in-

74 3483 80 3496 '
147 3494 185 3549 Er
204 3493 369 3565 autographo
388 3493 416 3548 in
437 3493 500 3552 cod.
515 3493 588 3549 Seid.
607 3492 706 3548 Dresd.
722 3468 842 3552 eamn
853 3491 1072 3564 Wegscbeideri
1116 3458 1226 3576 cipio,
1259 3480 1325 3535 Μ
1346 3457 1502 3576 Ρήωψ
1524 3460 1595 3529 iam
1616 3458 2019 3578 Tyrannidsssfffffldas
2038 3485 2113 3530 ⁰⁵⁸⁸

180 3563 280 3632 Progr-
293 3565 317 3620 Ι.
337 3579 380 3632 ep·
393 3563 419 3619 1.
962 3579 967 3589 “
1116 3573 1243 3648 cogrto.
1295 3558 1370 3628 lam
1395 3561 1482 3629 olrm
1501 3583 1575 3629 non
1591 3560 1699 3630 modo
1715 3562 1996 3630 adversariorum
2011 3564 2111 3631 luro-

75 3715 293 3794 Recerendo
320 3715 400 3786 ciro
428 3711 629 3787 eruditione
652 3727 684 3788 et
710 3717 840 3789 virtute
861 3717 1074 3818 praestanti
1114 3661 1419 3831 {ffl’cgfflmeffl
1407 3674 1651 3832 “1332ssss
1661 3675 1761 3843 ,Ἢ
1769 3675 1980 3836 8281)πὲῗὲ
1996 3662 2112 3852 ᾟῘξί

77 3821 250 3939 ΒΜῘΜ.
273 3815 486 3936 Manui
506 3813 647 3936 [mig
656 3819 716 3901 ’.θ’
743 3817 903 3940 ,dim’
929 3815 1072 3892 ‘hm'
1114 3863 1225 3952 magis
1247 3884 1345 3933 nunc
1366 3875 1407 3933 ut
1430 3863 1469 3931 iu
1492 3863 1567 3954 ipsa
1588 3859 1706 3957 κρίσει
1723 3880 1853 3954 angor,
1878 3878 1996 3935 tamen
2012 3878 2053 3934 ut
2070 3866 2110 3936 fit

76 3951 143 4022 go,
168 3920 355 4019 Episcopo
364 3916 478 4012 fidele
491 3919 660 3991 ecclesiae
674 3919 751 3992 Dec
766 3947 806 3992 cn
823 3922 911 3995 arde
927 3919 1070 4024 Ersor-
1116 3964 1125 3981 ·

376 4022 383 4039 .
529 4023 536 4040 .
746 4022 753 4039 .
1114 3988 1153 4032 rn
1176 3964 1311 4034 morbis
1333 3964 1554 4055 longioribus
1577 3966 1737 4035 animum
1758 3979 1943 4060 utcunque
1962 3989 2110 4057 praepa-

340 4020 426 4110 ω’
455 4047 575 4094 ⁰m¹⁶⁰
589 4047 658 4093 ⁸⁰⁰
673 4047 802 4100 ‘⁰⁸³⁸'
1113 4078 1229 4136 ratum
1252 4061 1380 4139 babeo.
1429 4063 1594 4162 Cumque
1616 4068 1805 4156 rogitando
1828 4068 1983 4138 decurrit
2005 4090 2108 4136 mens

75 4157 119 4249 S.
144 4173 193 4247 D.
241 4166 320 4245 Etsi
336 4198 400 4243 nec
418 4197 514 4265 spem
530 4174 648 4265 pacis,
672 4199 739 4246 ner
754 4176 871 4248 studia
885 4176 1068 4250 literarum
1112 4167 1340 4258 peremnia,
1371 4190 1463 4260 ‘1¹¹³‘
1485 4169 1532 4237 de
1551 4169 1683 4238 ⁰²¹¹&ss
1702 4169 1810 4255 belli,
1834 4165 2032 4240 denatum
2049 4169 2106 4236 5¹¹·

75 4278 291 4359 obiccimus,
315 4287 433 4343 tamen
452 4275 735 4343 adolescentibus
751 4277 930 4371 plerisque
946 4274 1068 4351 horta-
1112 4268 1225 4357 geniis
1246 4269 1565 4354 ⁰2V01⁰¹¹¹³fih11⁸s
1590 4272 1635 4339 de
1653 4272 1762 4340 ¹¹¹⁰d⁰
1772 4271 1860 4342 belli
1872 4272 2036 4360 gerendi,
2061 4271 2111 4337 d?

75 4394 131 4452 tor
153 4403 251 4462 sum,
276 4389 316 4445 ut
341 4377 398 4441 vel
417 4376 454 4443 in
471 4397 570 4442 suam
587 4374 738 4467 quisque
754 4379 924 4467 patriam,
954 4381 1012 4449 vel
1028 4382 1067 4449 in
1112 4370 1224 4454 exitu,
1250 4373 1295 4439 de
1310 4370 1354 4438 iis
1371 4394 1460 4463 quae
1474 4371 1605 4441 exitum
1621 4386 1783 4442 secutura
1798 4388 1896 4458 sunt,
1918 4373 2106 4464 disputan-

75 4484 142 4553 rlia
162 4480 236 4548 loca
258 4472 506 4568 tranquilliora
527 4470 610 4544 binc
627 4476 821 4556 discedant,
848 4477 892 4547 iis
908 4502 1067 4570 praeser—¹
1110 4482 1188 4554 ¹1¹1,
1222 4471 1403 4563 acquiesco
1434 4472 1474 4540 fn
1494 4472 1591 4542 dicto
1614 4470 1841 4564 (ismahelis,
1871 4475 1970 4566 quod
1989 4473 2087 4542 nosti
2095 4501 2106 4542 ε

72 4587 160 4666 tim,
185 4580 248 4674 qui
263 4603 337 4646 non
349 4589 432 4644 sunt
447 4574 609 4641 instructi
623 4579 783 4664 pecunia.
828 4576 949 4669 Quare
969 4570 1066 4651 hun'c
1111 4566 1178 4642 ἐὰν
1194 4569 1232 4652 ἐξ
1246 4565 1464 4665 ἀνθρώπων
1479 4568 1523 4644 ‘cti
1538 4572 1649 4670 ἔργον
1662 4580 1774 4646 τοῦτο
1790 4567 2104 4667 καταλυθήσεται,

72 4671 330 4756 adolescentem
346 4668 549 4770 Iosephurn
571 4675 616 4742 ad
641 4699 705 4742 vos
728 4680 846 4749 redire
867 4682 1065 4772 iacilepas-
1110 4666 1184 4743 εἰδὲ
1207 4671 1248 4744 ἐκ
1265 4672 1363 4740 θεοῦ
1387 4669 1505 4749 ἐστὶν,
1532 4659 1905 4761 οὐκαταλυθήσεται.
1952 4673 2000 4746 Et
2017 4699 2105 4745 γεω

72 4808 252 4865 sussum,
276 4792 312 4850 et
333 4778 482 4871 promisi
496 4799 552 4844 me
566 4788 789 4859 curaturum,
815 4781 845 4858 ci
861 4784 948 4853 deus
962 4783 1066 4852 καὶ.
1109 4773 1241 4857 gemitu
1262 4783 1346 4859 peto
1364 4766 1496 4836 exitum
1512 4762 1691 4837 Ecclesiae
1703 4770 1772 4838 Dei
1793 4768 2004 4850 salutarem,
2024 4774 2106 4836 meo

71 4888 182 4962 merit
213 4905 353 4975 pacem,
387 4891 427 4949 ut
456 4901 580 4969 spero,
612 4888 654 4945 ut
682 4876 901 4966 stipendium
924 4878 1064 4955 babeat.
1109 4869 1270 4960 periculo
1291 4891 1366 4935 non
1386 4868 1491 4936 valde
1512 4890 1670 4941 moveor.
1719 4866 1757 4939 sa
1778 4868 1984 4939 interfectus
1999 4893 2115 4959 prae.

70 4989 169 5061 flacc
190 5008 270 5055 cum
296 4981 508 5063 scriberem,
539 4979 703 5046 nondum
727 4979 973 5059 audieramus,
1001 4981 1065 5049 ubi
1109 4971 1204 5040 bebo
1234 4962 1428 5038 cachinnos
1456 4967 1538 5050 τοῖς
1567 4962 1877 5061 ἰπιχαιρεκάκοις,
1905 4985 1945 5041 ut
1968 4970 2105 5061 ubique

62 5088 238 5173 ‚saxonici
260 5083 361 5154 ducis
383 5097 417 5154 et
439 5078 545 5150 Hessi
565 5078 737 5149 exercitus
760 5093 887 5153 essent.
953 5077 1026 5150 Sed
1045 5102 1064 5149 a
1110 5069 1217 5140 mulli
1245 5082 1346 5150 sunt,
1379 5093 1425 5138 ne
1452 5069 1514 5141 illa
1537 5071 1680 5165 quidem
1701 5071 1840 5140 laeticia
1861 5071 1912 5139 eis
1931 5071 2101 5140 diuturna

68 5193 223 5268 Sueviro
247 5185 401 5257 exercitu
417 5182 644 5253 audieramus
658 5180 791 5273 oppida
804 5176 1065 5276 Episcopatusn
1109 5169 1189 5243 erit·
1245 5166 1420 5262 Magnum
1449 5171 1553 5244 eliam
1577 5173 1742 5244 solatium
1768 5184 1820 5241 0⁸2
1844 5171 1909 5240 ¹³15
1930 5185 2102 5262 impote,

66 5341 279 5366 Μ
1110 5271 1326 5344 conscientia
1356 5286 1472 5343 rectae
1495 5273 1701 5346 voluntatis.
1763 5269 1812 5343 Et
1834 5296 1936 5364 spero
1961 5273 2104 5366 aliquos

99 5433 132 5500 η
151 5432 197 5488 sie
210 5432 244 5486 A.
258 5429 313 5496 n..
329 5425 378 5481 κά
391 5423 490 5480 saeba
513 5397 661 5476 mm
675 5422 716 5476 N.
725 5421 965 5489 intempestivam·
1109 5374 1240 5443 nostris
1262 5375 1415 5465 laborib.
1431 5388 1525 5446 recte
1541 5376 1698 5446 eruditos
1713 5397 1807 5460 csse,
1831 5389 1866 5444 et
1880 5388 2023 5444 nostrae
2039 5396 2101 5442 ex-

99 5522 153 5594 ..)
172 5517 257 5576 ffli,
275 5515 310 5570 Α,
322 5514 360 5570 ο,
1106 5475 1313 5568 plicationes
1334 5476 1448 5568 magis
1466 5477 1672 5570 perspicuae
1687 5490 1828 5562 essent,
1850 5476 1972 5548 sinon
1984 5487 2106 5546 esseut
