4882 6426
107 278 160 354 89

109 463 208 522 stans
223 449 263 518 in
278 447 373 540 ripa,
398 448 532 518 flumen
549 447 710 522 Danubii
730 453 854 543 ingens
877 464 912 522 et
932 450 1110 543 rapidum,

108 575 253 645 gemens
269 551 441 641 cogitavi,
467 575 543 621 non
556 554 586 622 si
606 568 745 625 tantum
768 557 1006 652 lacrymarum
1024 555 1109 624 sun-

108 658 206 727 dere*
220 677 381 747 possem,
414 667 587 747 quantum
608 658 788 729 undarum
811 657 926 728 volvit
945 650 1014 727 boc
1039 656 1109 726 flu-

108 781 212 844 men,
237 752 417 828 exhauriri
432 780 531 827 meus
544 758 649 830 dolor
664 773 801 852 posset,
825 784 931 855 quem
946 759 1109 829 'circum-

108 862 185 932 fero
203 872 348 951 propter
363 855 541 929 Ecclesiae
556 861 835 953 dissipationem.
886 861 1022 934 Crescit
1035 858 1109 956 Cy-

78 959 89 982 ’
109 962 245 1054 clopica
262 961 383 1033 feritas
399 961 551 1054 ubique,
577 977 613 1034 et
627 967 829 1036 defensores
842 989 1033 1058 pravarum
1048 988 1108 1033 su-

108 1064 360 1160 perstitionum
373 1065 526 1133 subinde
542 1066 645 1135 novis
659 1068 748 1136 fucis
758 1070 912 1160 pingunt
925 1090 987 1137 sua
1002 1066 1109 1150 idola,

110 1182 150 1239 ut
165 1168 205 1237 in
219 1167 343 1237 multis
357 1167 612 1238 confirmentur
626 1193 774 1245 errores.
826 1171 965 1241 Interea
991 1181 1108 1239 tamen

109 1285 162 1342 est
178 1269 298 1340 eterit
318 1268 437 1360 aliqua
453 1266 611 1341 Ecclesia
627 1269 713 1357 Dei,
739 1288 857 1345 custos
874 1267 1108 1363 Prophetico-

108 1397 193 1445 rum
209 1385 245 1443 ct
260 1366 550 1464 Apostolicorum
570 1376 803 1464 scriptomm,
836 1375 994 1446 retinens
1015 1373 1108 1445 nati-

109 1500 193 1545 vam
210 1486 246 1546 et
260 1473 457 1566 simplicem
480 1477 711 1563 sententiam,
745 1503 810 1549 nec
835 1478 963 1549 ludens
984 1500 1108 1546 corru-

110 1578 225 1670 ptelis.
794 1588 800 1596 ’

210 1676 303 1750 Cum
328 1677 438 1768 igitur
462 1680 690 1752 manifestum
711 1683 775 1767 sit,
808 1682 848 1751 in
872 1694 969 1752 tanta
990 1680 1108 1750 varie·

107 1795 180 1854 tato
194 1780 410 1873 opinionum
427 1795 461 1851 et
482 1784 708 1856 voluntatum
733 1809 877 1854 manere
899 1782 1019 1854 talnen
1041 1783 1109 1852 ali-

109 1908 217 1979 quem
230 1881 300 1953 Dei
321 1896 478 1970 coetum,
504 1888 761 1958 custodientem
774 1884 1028 1976 Evangelium,
1053 1884 1110 1956 Sit

692 272 1133 352 EPISTOLARUM
1184 275 1292 355 LIB.
1320 277 1368 355 X.
1420 272 1554 351 1546.

2105 275 2156 346 90

1159 449 1298 544 quitate
1316 450 1462 543 puriore
1482 451 1627 534 obruta,
1659 450 1763 523 multi
1788 450 1894 520 etiam
1916 447 2006 520 ritus
2027 449 2157 542 depra-

1158 568 1304 625 varunt:
1339 578 1437 625 nunc
1462 569 1650 650 postquam
1673 554 1772 627 Deus
1797 555 1968 623 immensa
1995 552 2155 622 bonitate

1158 657 1273 726 lucem
1286 652 1475 748 Evangelii
1486 682 1609 728 rursus
1632 658 1809 742 accendit,
1839 655 2014 746 cautiores
2034 653 2158 739 simus,

1158 759 1367 849 colligamus
1391 761 1487 830 bona
1515 761 1660 853 scripta,
1698 773 1733 831 et
1758 784 1777 829 a
1804 758 1935 853 quibus
1960 756 2157 841 autoribus,
2248 788 2253 795 ·

1158 861 1288 955 quibus
1311 863 1458 933 testibus
1480 877 1621 956 accepta
1642 863 1731 949 sint,
1768 859 1970 954 posteritati
1991 859 2157 929 ostenda-

1157 988 1248 1037 mus.

1259 1061 1339 1136 Hoc
1373 1067 1522 1137 consilio
1557 1067 1687 1138 multas
1720 1064 1963 1135 enarrationes
1988 1058 2159 1134 Martini

1157 1161 1320 1238 Lathon
1342 1168 1460 1255 edidi,
1489 1171 1534 1239 de
1555 1193 1708 1263 quarum
1732 1167 1802 1237 lide
1827 1191 1873 1237 ne
1900 1166 1980 1260 quis
2005 1165 2157 1250 dubitet,

1158 1271 1245 1341 sciat
1268 1265 1441 1341 hactenus
1460 1296 1480 1342 a
1500 1296 1558 1341 me
1578 1274 1689 1342 editas
1711 1270 1751 1339 in
1774 1269 1926 1340 officinis
1944 1264 2157 1338 Academiae

1158 1372 1621 1470 Witebergensisusquead
1635 1370 1732 1444 hunc
1746 1397 1880 1442 annum
1893 1365 2004 1445 1546.
2020 1372 2064 1440 ab
2078 1369 2155 1460 ipso
2275 1456 2279 1465 ,

1157 1473 1294 1546 Autore
1310 1500 1433 1546 omnes
1446 1480 1592 1548 relectas
1608 1490 1641 1547 ct
1657 1477 1860 1545 emendatas
1876 1496 1959 1542 esse.
2002 1469 2050 1543 Et
2066 1495 2157 1564 quo·

1158 1579 1256 1647 niam
1284 1579 1466 1671 deinceps,
1502 1577 1580 1650 Deo
1606 1579 1768 1664 iuvante,
1793 1576 1896 1669 plura
1924 1575 2000 1644 eius
2025 1597 2156 1642 monu-

1156 1693 1275 1750 menta
1290 1682 1449 1753 editurus
1466 1706 1563 1769 sum,
1588 1681 1774 1774 praestabo
1788 1680 1894 1747 fidem
1911 1700 2018 1770 quam
2034 1675 2157 1744 debeo.

1158 1781 1230 1853 Nec
1248 1784 1343 1854 solus
1358 1797 1474 1854 tamen
1491 1808 1549 1854 eas
1565 1785 1738 1877 editiones
1754 1781 1959 1864 adornabo,
1984 1778 2047 1847 sed
2061 1777 2158 1846 viros

1159 1885 1317 1956 eruditos
1344 1900 1378 1958 et
1404 1887 1579 1976 integros,
1614 1873 1827 1981 Casparttm
1854 1871 2093 1976 Crucigerum
2122 1891 2158 1949 et

107 1982 196 2058 baec
218 1987 334 2079 prima
363 1986 557 2081 unicuique
583 2015 685 2076 cura,
717 2005 758 2061 ut
784 1992 977 2083 prudenter
1004 1989 1109 2077 eligat
1159 1981 1361 2082 Georgium
1376 1982 1584 2059 florarium
1599 1991 1788 2078 adiungam
1807 2001 1975 2079 tanquam
1995 2003 2158 2053 censores

107 2112 222 2181 genus
234 2088 438 2174 doctrinae,
464 2107 611 2182 quaerat
624 2087 689 2162 hos
705 2093 799 2185 ipsos
815 2093 996 2176 doctores,
1019 2089 1116 2159 Pro·
1159 2116 1199 2161 ac
1213 2104 1335 2179 testes;
1362 2086 1418 2161 his
1437 2093 1534 2161 enim
1551 2108 1584 2162 et
1601 2107 1706 2163 notae
1719 2090 1829 2181 ipsius
1842 2091 1886 2157 de
1902 2085 2070 2156 omnibus
2090 2084 2157 2154 do·

104 2187 239 2291 phetas
261 2204 296 2261 et
321 2186 532 2282 Apostolos,
573 2189 639 2264 hos
664 2195 775 2285 legat,
813 2193 953 2278 audiat,
987 2186 1109 2278 discat,
1159 2196 1292 2264 ctrinae
1319 2195 1478 2266 articulis
1505 2195 1699 2280 sententiae
1725 2194 1890 2275 luerunt,
1923 2201 1959 2258 et
1984 2199 2081 2257 tanta
2106 2197 2158 2255 est

107 2316 192 2386 pars
206 2317 280 2363 esse
299 2288 408 2362 huius
428 2295 580 2384 agminis
602 2299 813 2383 contendat,
844 2285 909 2389 pro
931 2321 1001 2390 quo
1026 2319 1109 2387 pre·
1158 2299 1244 2366 fides
1262 2312 1296 2368 et
1317 2298 1488 2389 gravitas,
1521 2310 1562 2368 ut
1586 2321 1660 2367 non
1684 2294 1795 2364 velint
1817 2317 1837 2362 a
1859 2315 1916 2361 me
1941 2289 1990 2359 sic
2013 2286 2157 2358 recitari

108 2410 209 2467 catur
229 2391 371 2480 Esaias,
397 2395 583 2490 inquiens,
615 2395 778 2490 Obsigna
799 2401 911 2490 legem
938 2400 975 2467 in
1001 2397 1109 2467 disci·
1156 2394 1309 2470 Lutheri
1324 2424 1522 2486 sermones,
1547 2413 1587 2470 ut
1600 2398 1703 2468 Plato
1720 2394 1917 2468 Socraticos
1932 2392 2073 2476 recitat,
2096 2400 2157 2460 aut

86 2498 96 2505 ”
107 2499 205 2591 pulis
219 2498 325 2583 meis,
347 2495 520 2570 Consulat
537 2502 581 2569 de
596 2504 769 2573 sententia
786 2527 889 2572 suum
915 2502 1004 2571 illud
1022 2498 1108 2570 Col·
1157 2517 1198 2573 ut
1212 2496 1616 2581 inAtlanticorecenset
1630 2495 1800 2596 Aegyptii
1818 2495 2009 2566 sacerdotis
2031 2514 2157 2563 narra·

17 2616 47 2672 .‘
106 2601 260 2690 legium,
293 2599 412 2671 videat
433 2602 518 2695 quid
543 2603 596 2695 pii
616 2605 826 2696 interpretes
848 2603 1048 2674 enarrarint
1074 2615 1108 2672 et
1156 2605 1303 2678 tionem.
1659 2681 1666 2703 ⁸

107 2702 268 2773 conferat
285 2703 545 2790 enarrationes,
571 2732 722 2800 quarum
735 2733 817 2778 cum
835 2707 881 2777 sit
897 2706 1014 2800 aliqua
1034 2705 1107 2775 dis-
1256 2705 1420 2802 Reliquit
1435 2707 1540 2777 nobis
1553 2697 1746 2776 Luthertts
1761 2701 1963 2795 depositum
1979 2722 2055 2768 non
2073 2695 2157 2767 vul·

102 2804 325 2890 similitudo,
349 2803 522 2878 utRosae
538 2810 583 2877 ad
600 2802 833 2896 Anemonen,
867 2808 1107 2900 autmalipu-
1156 2834 1255 2902 gare,
1291 2810 1458 2881 videlicet
1483 2811 1682 2881 doctrinam
1709 2805 1890 2878 Ecclesiae
1917 2795 2156 2895 repurgatam,

106 2906 184 2978 nici
196 2909 242 3005 ad
258 2908 442 3003 cynosbati
456 2910 631 2997 fructum,
664 2936 727 2982 seu
742 2913 907 3007 brabyla,
932 2909 1108 3003 praeferat
1157 2915 1252 3009 quod
1280 2914 1359 2984 vult
1377 2910 1474 2983 Deus
1499 2913 1591 2993 hona
1618 2913 1687 2980 fide
1714 2905 1897 2979 custodiri.
1946 2900 2024 2974 Etsi
2050 2900 2157 2975 multi

108 3022 180 3096 θ’θ’,
203 3034 291 3104 (1⁰³⁸
304 3009 463 3081 sontibus
478 3013 662 3104 propiores
679 3038 753 3087 esse
769 3038 825 3086 res
842 3015 916 3106 ipsa
934 3015 1107 3092 ostendet,
1156 3016 1286 3109 partim
1303 3010 1430 3098 Athei,
1462 3016 1592 3106 partim
1617 3011 1779 3083 fascinati
1800 3003 2056 3108 supersticiosis
2076 3003 2158 3096 opi-

107 3136 176 3185 me
201 3112 297 3184 ‘⁰3¹¹'
323 3112 479 3182 diffieilss
506 3116 714 3187 dii¹¹d302l50
743 3131 793 3187 ‘Sl
817 3117 894 3210 Ple,
927 3117 1050 3186 dextre
1073 3127 1108 3183 et
1156 3119 1328 3188 niunibus
1343 3116 1640 3200 aliteriudicant,
1665 3127 1700 3185 et
1716 3125 1918 3207 queruntur
1931 3108 2007 3179 eius
2021 3104 2158 3177 doctri-

106 3238 188 3286 non
201 3215 417 3286 calumniose
433 3216 617 3290 iudicanti.
667 3217 807 3290 Deinde
822 3234 856 3291 et
871 3218 970 3287 illam
993 3218 1104 3308 ipsam
1157 3246 1239 3290 nam
1266 3220 1525 3291 discordiarum
1550 3219 1684 3289 semina
1712 3238 1785 3285 esse
1809 3230 1846 3284 et
1860 3203 2084 3307 labyrinthos
2098 3207 2157 3276 in·

107 3312 310 3409 Pml’helae
334 3317 575 3409 Ρωῦθῐῑῡΰθῐῃ
601 3321 788 3411 adiungat,
830 3324 874 3392 do
901 3343 975 3390 ⁸0⁸0
1001 3332 1037 3389 et
1062 3321 1107 3387 de
1158 3322 1395 3393 extricabiles:
1422 3336 1541 3394 tamen
1557 3343 1682 3391 omncs
1697 3319 1749 3411 pii
1764 3316 2004 3405 intelligentes
2027 3310 2157 3403 poeni-

104 3414 194 3492 ὥ
205 3431 320 3511 petet,
333 3432 375 3488 ul
388 3420 465 3489 ¹⁰⁰⁶
481 3422 604 3492 divino
622 3447 798 3514 rogemur,
814 3436 856 3495 ot
868 3447 967 3493 soom
984 3443 1108 3517 σφρα-
1157 3425 1288 3498 tentiae
1303 3420 1453 3516 agonem
1470 3437 1504 3494 et
1520 3447 1640 3494 veram
1654 3419 1724 3491 Dei
1739 3418 2018 3499 invocationem,
2045 3436 2156 3519 agno·

104 3517 202 3625 γῖδα
215 3519 311 3593 Deus
328 3522 461 3593 nostris
482 3526 662 3595 mentibus
682 3526 872 3619 inprimat‚
898 3549 945 3593 ne
967 3526 1107 3592 deerte·
1157 3541 1260 3599 scunt
1272 3551 1357 3597 voce
1373 3528 1448 3597 eius
1460 3526 1633 3595 divinitus
1646 3524 1852 3593 emendatos
1866 3544 1939 3589 esse
1954 3518 2088 3588 multos
2102 3527 2156 3586 te·

107 3648 225 3697 musa
241 3626 524 3699 verasententia.
576 3625 760 3698 Postremo
778 3628 867 3699 illud
886 3628 1107 3714 etiamagant
1157 3645 1232 3703 tros
1250 3653 1404 3713 errones,
1430 3629 1492 3722 qni
1516 3640 1619 3697 nntnn
1639 3621 1830 3695 haeserunt
1855 3623 1894 3690 in
1917 3618 2094 3702 Eidem,
2120 3630 2156 3687 nt

105 3726 316 3825 praesertim
331 3727 480 3812 eruditi,
513 3729 681 3819 colligant
701 3731 763 3823 pia
786 3744 820 3801 et
842 3730 946 3801 utilia
968 3728 1108 3819 scripta,
1157 3733 1346 3803 salinarem
1362 3731 1561 3800 doctrinam
1576 3739 1809 3796 mnnntnnnini
1826 3745 1913 3792 esse,

107 3843 154 3903 ut
170 3824 301 3901 hebeat
322 3830 508 3922 posteritas
532 3832 783 3924 explicationes
807 3854 926 3912 veras,
963 3841 998 3899 et
1019 3829 1108 3900 sciat
1259 3831 1361 3920 Quae
1375 3844 1489 3924 potest
1512 3854 1585 3900 esse
1606 3826 1785 3898 invocatio
1800 3822 1870 3895 Dei
1895 3823 1933 3892 in
1954 3832 2074 3890 mente
2095 3819 2156 3890 fn.

107 3934 280 4007 tmdoooo
301 3932 483 4024 acceperit.
535 3929 588 4004 lta
606 3932 807 4024 Collegium
822 3932 1021 4005 Leviticum
1045 3956 1108 4001 cu·
1157 3931 1422 4027 gienteDcum,
1456 3958 1546 4027 quae
1569 3930 1764 4002 consolatio
1784 3928 1822 3996 in
1847 3926 1941 3996 veris
1961 3922 2155 4016 pavoribus

107 4032 377 4120 ⁸l0dlllM⁰i⁸is
401 4034 595 4122 Samuelis,
618 4034 785 4122 Davidis,
810 4031 937 4107 Esaiae
956 4047 992 4104 et
1008 4033 1107 4102 Simi-
1157 4037 1275 4108 animi¹
1295 4036 1480 4106 sentientis
1504 4037 1593 4104 iram
1613 4031 1707 4104 Dei?
1739 4030 1779 4102 Si
1803 4031 1969 4119 ignorent
1989 4019 2155 4095 homines

105 4137 199 4211 llum
221 4151 469 4224 ¹¹¹⁰¹¹¹¹¹¹¹0¹¹l22
503 4152 537 4209 θῑ
561 4140 691 4209 deindo
715 4135 970 4231 Apostolorum
999 4135 1106 4207 disci·
1157 4140 1429 4212 doctrinam'de
1456 4138 1541 4223 fide,
1578 4137 1733 4208 luctante
1760 4156 1840 4203 cum
1868 4129 2092 4200 dubitatione
2119 4139 2155 4196 et

107 4238 188 4339 puli
201 4234 542 4333 scriptaApostolica
558 4242 813 4327 custodiemnt,
831 4256 865 4312 ct
881 4238 999 4315 testati
1013 4252 1107 4323 sunt,
1157 4243 1321 4314 vincente
1336 4263 1503 4335 pavores,
1531 4251 1566 4310 et
1587 4238 1765 4308 retineant
1787 4233 1994 4325 opinionem
2005 4254 2056 4309 ,ex
2078 4229 2154 4318 lege
2199 4267 2208 4292 t

107 4344 208 4416 unde
222 4365 303 4413 suas
320 4345 508 4414 sententias
526 4344 744 4434 acceperint,
771 4358 812 4414 ut
826 4341 993 4414 irenaeus
1008 4341 1105 4412 allir-
1156 4359 1350 4438 sumptam:
1376 4342 1523 4435 recipiet
1536 4355 1570 4412 te
1587 4338 1702 4424 Deus,
1735 4335 1900 4408 cumeris
1922 4334 2068 4423 dignus:
2103 4331 2154 4399 sic

109 4457 183 4516 Μ
204 4468 241 4515 ⁸⁰
262 4467 282 4515 ³
303 4432 518 4540 ΡΟΙΥῦΜΡΟ,1
551 4444 788 4540 P⁰lycori>11m
814 4470 834 4516 o
860 4441 1021 4516 Iohanne
1048 4467 1104 4512 eas
1156 4449 1311 4519 sentiens
1326 4447 1466 4517 animus
1478 4439 1702 4513 horribiliter
1715 4439 1834 4510 fremit
1850 4431 2152 4507 adversusDeum.

108 4547 283 4642 accepisse
305 4549 510 4632 mentito,
541 4572 628 4642 quos
649 4547 819 4623 defendit·
878 4545 1032 4618 Basilius
1053 4559 1106 4616 te·
1156 4546 1206 4621 At
1220 4548 1345 4620 multis
1359 4546 1485 4618 seculis
1501 4547 1697 4616 docuemnt
1710 4533 1902 4620 Monachi,
1932 4538 1971 4607 in
1993 4533 2059 4607 bac
2084 4535 2154 4603 du·
2212 4548 2216 4559 '

110 4664 200 4722 stem
214 4648 358 4720 nomina
375 4647 587 4742 Gregorium
602 4649 944 4723 Neocaesariensem.
980 4646 1105 4719 Postea
1156 4652 1327 4723 bitatione
1338 4652 1554 4721 manendum
1577 4670 1661 4717 esne,
1712 4642 1819 4714 I-lnnc
1844 4664 2000 4712 erinnem
2021 4636 2154 4708 taxavit

110 4777 215 4833 veros
249 4776 327 4822 cum
352 4753 469 4824 studia
486 4752 671 4823 literarum
694 4754 973 4844 negligerentur,
1007 4766 1041 4824 et
1061 4754 1105 4820 de
1154 4750 1354 4841 Lutherus,
1392 4777 1433 4823 ac
1455 4751 1630 4836 ostendit,
1666 4748 1873 4818 mandatum
1898 4742 1966 4815 Det
1990 4764 2080 4826 esse,
2111 4752 2153 4810 ut

109 4854 267 4947 P⁰¹⁰¹¹fi³
282 4854 500 4947 ac“imperils
513 4852 683 4948 EPi⁸⁰⁰Pl
699 4857 920 4940 dimicarent,
946 4853 1023 4923 ⁸5⁰0
1040 4855 1105 4922 de·
1155 4856 1395 4950 perterrefacti
1410 4853 1590 4946 agnitione
1603 4853 1677 4923 irae
1689 4850 1757 4922 Dei
1771 4851 1939 4919 adversus
1958 4856 2152 4937 peccatum,

87 4956 206 5028 -lectu
222 4970 257 5027 et
270 4955 343 5026 sine
356 4957 569 5029 testimoniis
593 4958 680 5029 libri
700 4972 734 5029 ct
756 4959 846 5030 ritus
867 4956 953 5029 novi
974 4956 1104 5048 recepti
1155 4973 1328 5047 statuant,
1351 4981 1484 5030 vareso
1505 4956 1615 5048 recipi
1635 4955 1675 5024 in
1698 4951 1845 5044 gratiam
1868 4962 2014 5043 propter
2036 4944 2150 5013 filiurn

112 5071 207 5131 ’ω’
257 5055 346 5156 Quis
363 5059 460 5129 enlm
482 5061 598 5132 dicere
617 5073 750 5154 potetis
782 5084 847 5154 per
868 5084 959 5156 quos
980 5059 1020 5127 in
1033 5054 1104 5128 Ec·
1153 5064 1384 5134 mediatorem
1400 5061 1527 5152 gratis,
1553 5054 1668 5130 ethac
1687 5057 1756 5126 fide
1779 5056 1822 5122 ad
1840 5051 1955 5123 Deum
1981 5048 2151 5117 acceden-

112 5155 252 5232 clesiam
277 5161 412 5231 invecta
439 5162 736 5235 sit-mortuorum
770 5162 974 5235 invocatio?
1011 5157 1104 5234 Cum
1154 5168 1290 5239 dumet
1308 5190 1388 5237 enin
1411 5164 1650 5233 invocandum
1672 5183 1764 5244 esse,
1795 5178 1835 5224 ne
1854 5154 2048 5244 fugientem
2071 5149 2150 5218 nni.

112 5258 220 5353 igitur
231 5287 288 5334 res
301 5265 482 5347 ostendat,
505 5280 586 5336 ante
601 5265 739 5360 aliquot
757 5266 872 5337 secula
892 5266 973 5335 ideo
996 5264 1105 5357 puni·
1154 5293 1252 5340 mum
1269 5281 1416 5362 propter
1428 5279 1584 5339 nosti-nni
1602 5258 1885 5353 indignationem
1909 5253 2150 5326 revocandum

111 5376 214 5437 tm
229 5367 358 5436 ”¹⁰5⁵
380 5367 564 5438 ‘hellini‘
586 5368 863 5440 ⁰⁰¹¹¹³¹¹¹5¹¹³l³¹¹¹
893 5390 985 5452 ⁸⁸⁵⁹,
1020 5367 1104 5460 quia
1154 5395 1239 5447 esse.
1290 5368 1393 5442 Hanc
1408 5367 1606 5439 doctrinam
1622 5361 1853 5435 necessariam
1874 5383 1947 5451 essp
1960 5354 2151 5439 Ecclesiae,

111 5465 211 5538 ”¹⁰¹¹
236 5468 448 5562 i¹¹¹P⁰⁸¹⁰¹⁸³³
467 5494 574 5562 prm
594 5470 725 5562 scripta
744 5484 968 5564 walterum,
1011 5470 1104 5540 anti-
1153 5475 1206 5567 pii
1228 5496 1352 5544 omnes
1372 5470 1589 5561 intelligunt.
1643 5466 1719 5538 lam
1740 5462 1848 5538 buius
1872 5457 2066 5535 sententiae
2088 5478 2149 5524 ex-
