4882 6426
20 278 113 376 '1ss
602 286 1049 380 jartsronnnuu
1106 289 1216 369 nra.
1246 291 1294 367 x
1349 289 1482 373 asts
2007 295 2080 374 ιιι

39 472 148 557 liani,
175 467 237 562 qui
262 467 407 537 invento
429 461 625 557 Cathalogo
647 467 692 536 de
715 465 801 557 ipsis
822 465 1035 537 interficien·
1076 465 1251 535 >cessariae
1267 466 1481 536 defensionis
1499 483 1674 560 exceptus.
1725 468 1815 543 Nam
1838 463 2098 543 iuramentum

39 578 114 661 dis,
140 574 239 665 prius
254 595 333 639 eum
348 571 580 640 sustulerunt.
907 640 912 647 ,
988 623 990 626 ,
1083 591 1155 637 non
1176 568 1297 639 minus
1322 569 1455 658 obligat
1476 570 1694 658 foederatos,
1722 597 1828 668 quam
1851 575 1940 644 ordo
1962 575 2078 668 impe·

144 671 198 746 Ac
221 673 260 740 in
284 694 410 761 genere
434 665 602 740 hactenus
621 668 757 741 dictum
775 669 834 740 'est
854 669 898 738 de
913 668 1034 738 defen·
1071 669 1216 752 ¹riorum
1235 670 1369 758 obligat
1382 671 1576 746 inferiores.
2104 659 2108 663 ⁴

40 781 160 863 sione,
202 797 308 868 quam
338 774 443 847 etiam
475 771 632 861 privatae
664 793 835 863 personae
864 786 1035 842 exercent.
1181 769 1298 841 Multa
1320 771 1428 860 igitur
1448 775 1606 865 exempla
1625 775 1872 844 defensionum
1892 777 1983 848 iusta
2000 780 2075 849 col·
2126 760 2128 764 Α

38 882 123 956 Non
143 878 239 949 enim
255 875 411 944 dubium
437 885 490 942 est
511 872 657 943 cuilibet
677 868 817 943 homini
837 895 1035 943 concessam
1081 871 1142 961 ligi
1166 885 1331 963 possunt;
1363 887 1403 944 ut
1432 899 1648 968 quamquam
1671 872 1837 946 Thebani
1866 894 1966 950 erant
1985 879 2074 950 socii

39 1009 113 1056 esse
130 977 371 1051 defensionem
394 975 449 1044 sui
465 975 640 1064 corporis,
665 974 826 1064 coniugis
846 987 881 1044 et
901 975 1035 1045 libero·
1079 972 1457 1060 Lacedaemoniorum,
1483 989 1602 1046 tamen
1620 978 1838 1069 recipiebant
1852 994 1885 1050 et
1904 980 2072 1053 iuvabant

38 1111 139 1169 mm,
173 1083 341 1150 adversus
370 1076 593 1147 manifestam
620 1089 655 1146 et
677 1090 831 1146 atrocem
851 1076 1033 1156 iniuriam,
1080 1070 1314 1146 Athenienses
1353 1089 1475 1146 contra
1513 1079 1668 1149 edictum
1696 1077 2072 1167 Lacedaemoniorum,

38 1213 101 1260 reu
117 1211 138 1255 a
153 1181 317 1275 paribus,
339 1200 401 1247 seu
415 1203 434 1247 a
448 1178 690 1269 superioribus
704 1178 851 1248 illatam.
902 1176 952 1249 Et
975 1179 1033 1246 in·
1078 1202 1158 1247 cum
1182 1177 1328 1267 triginta
1352 1178 1514 1273 Tyranni
1536 1182 1718 1253 manifesta
1742 1167 1910 1253 violentia
1936 1207 2072 1274 grassa·

39 1286 288 1380 dignissimum
316 1293 367 1349 e'st
392 1280 470 1349 viro
497 1279 537 1347 in
563 1302 605 1349 eo
631 1302 714 1349 casu
745 1304 820 1350 non
846 1281 1030 1350 ostendere
1078 1295 1220 1364 rentur,
1271 1304 1359 1372 quos
1390 1279 1664 1350 Lacedaemonii
1697 1284 1867 1354 nolebant
1898 1287 2070 1358 defensos.

37 1415 143 1464 suum
163 1385 342 1461 dolorem,
367 1405 448 1451 cum
463 1380 646 1451 videamus
669 1404 792 1451 omnes
810 1381 940 1452 bestias
959 1381 1031 1451 imo
1077 1379 1146 1450 Hic
1160 1377 1328 1451 Thebani
1349 1382 1529 1453 decretum
1547 1384 1724 1468 fecerunt,
1749 1410 1785 1454 se
1807 1409 1930 1456 omnes
1949 1402 2070 1480 portas

37 1508 73 1565 et
87 1489 237 1583 gallinas
250 1508 314 1576 pro
332 1484 424 1552 natis
437 1505 606 1574 pugnare.
656 1478 707 1552 Et
720 1480 886 1553 Herculis
900 1482 1031 1553 liberos
1077 1497 1110 1554 et
1132 1506 1256 1554 ornnes
1270 1485 1395 1552 domos
1417 1483 1455 1552 in
1472 1483 1617 1554 Boeotia
1635 1481 1912 1557 Atheniensibus
1935 1489 2033 1579 patef
2050 1532 2070 1546 -

37 1597 130 1666 iuste
148 1587 307 1661 defendit
330 1587 499 1654 adversus
522 1583 709 1654 dominum
731 1591 879 1677 patruus
901 1582 1030 1658 Iolaus.
1076 1608 1164 1654 cere.
1215 1582 1291 1653 lmo
1306 1583 1570 1655 rexLaconicus
1580 1578 1808 1673 Pausanias,
1829 1613 1910 1658 cum
1927 1615 2070 1660 accusa-

36 1696 141 1770 Hanc
156 1681 319 1787 στοργήν
335 1682 522 1756 hominum
537 1684 752 1757 mentiDeus
772 1686 968 1777 impressit,
991 1699 1031 1756 ut
1077 1699 1133 1755 tus
1157 1701 1245 1755 esset
1268 1702 1475 1776 propterea,
1496 1689 1591 1778 quod
1615 1713 1688 1758 non
1713 1691 1904 1760 adiuvisset
1921 1691 2068 1780 triginta

38 1795 211 1871 monitrix
222 1793 267 1862 sit
276 1792 448 1860 deamore
457 1787 568 1878 ipsius
584 1810 665 1878 erga
680 1788 793 1857 filium
812 1801 847 1857 et
860 1810 940 1877 erga
956 1810 1032 1857 nos.
1076 1785 1283 1881 Tyrannus,
1306 1802 1347 1857 ut
1356 1782 1494 1877 Ephori
1512 1791 1760 1876 decreverant,
1783 1815 1884 1882 pares
1899 1794 1980 1863 tulit
1996 1793 2068 1862 cal-

34 1902 162 1974 Postea
177 1895 283 1966 etiam
297 1893 341 1961 de
362 1889 521 1981 imperiis
538 1889 610 1959 dici
627 1902 762 1979 potest,
786 1912 877 1982 quae
893 1889 1030 1960 etiamsi
1075 1888 1189 1973 culos,
1218 1888 1301 1981 quia
1323 1888 1392 1979 ipsi
1416 1888 1550 1959 iudices
1571 1899 1770 1979 senserant,
1794 1893 1963 1964 iniustam
1979 1879 2068 1964 ''cru-

35 2003 115 2077 aliis
136 1998 293 2070 subiecta
308 2004 392 2062 sunt
408 2005 500 2062 certa
516 1991 739 2076 conditione,
762 2001 879 2060 tamen
895 1984 1030 2060 habent
1076 1989 1255 2071 dilitatem
1269 2013 1344 2058 non
1360 1989 1468 2058 fuisse
1483 1993 1733 2068 adiuvandam.

33 2128 134 2177 suam
166 2094 449 2169 iurisdictionem
471 2105 513 2162 et
542 2092 886 2164 administrationem
909 2092 1031 2183 gladii,
1176 2088 1234 2160 Sic
1252 2103 1287 2159 et
1301 2089 1555 2163 Constantinus
1570 2095 1703 2165 iustum
1719 2096 1853 2166 bellum
1869 2096 1982 2169 movit
2003 2097 2068 2166 ad·

33 2222 74 2279 ut
96 2201 275 2297 principes
303 2209 398 2265 certa
427 2193 630 2263 conditione
656 2193 806 2266 subiecti
828 2208 914 2264 sunt
936 2193 1029 2284 regi·
1073 2213 1195 2259 versus
1209 2190 1390 2263 Licinium
1412 2194 1580 2283 collegam
1609 2210 1643 2266 et
1663 2198 1805 2267 affinem
1820 2199 1962 2268 foedere
1978 2222 2066 2268 con-

32 2312 112 2380 bus.
157 2301 249 2373 Cum
263 2311 380 2368 autem
395 2295 556 2390 politicas
569 2296 812 2367 ordinationes
827 2318 1029 2386 congruen-
1072 2293 1259 2365 iunctum'
1301 2289 1393 2363 Cum
1417 2295 1512 2362 enim
1529 2292 1691 2367 Licinius
1711 2323 1786 2369 non
1809 2300 1939 2370 faceret
1958 2291 2066 2369 finem

22 2421 84 2484 'tes
114 2395 247 2477 rationi
274 2398 446 2490 approbat
464 2394 580 2480 Deus,
621 2399 847 2499 manifestum
868 2409 937 2483 est,
969 2392 1027 2466 his
1072 2394 1237 2463 saevitiae
1251 2394 1419 2464 adversus
1428 2391 1649 2470 Christianos
1665 2414 1699 2471 et
1711 2398 1889 2471 Ecclesiae
1906 2415 2066 2492 peterent

32 2532 175 2608 quoque
199 2500 442 2574 defensionem
465 2497 629 2584 concedi,
661 2499 759 2570 iuxta
786 2499 945 2589 ipsorum
962 2499 1027 2589 pa-'
1071 2493 1342 2566 aConstantino
1365 2496 1625 2584 defensionem,
1649 2498 1905 2573 Constantinus
1927 2504 2066 2595 petivit,

32 2629 99 2688 eta.
150 2605 234 2678 ldeo
257 2605 295 2672 in
319 2602 397 2670 iure
417 2600 529 2670 multa
544 2603 589 2669 de
604 2601 735 2672 mutuis
749 2600 1026 2688 obligationibus
1069 2611 1110 2667 ut
1124 2592 1336 2668 Christianis
1358 2613 1525 2689 parceret.
1577 2600 1684 2691 Quod
1712 2628 1793 2675 cum
1815 2605 1928 2692 facere
1943 2604 2066 2690 nollet,

31 2711 171 2790 domini
191 2722 226 2779 et
242 2703 398 2787 vasalli,
423 2714 463 2773 ut
486 2715 631 2783 vorant,
657 2702 788 2774 tradita
807 2715 908 2782 sunt,
934 2725 1025 2795 quae
1070 2700 1177 2768 armis
1192 2723 1251 2768 eos
1266 2701 1362 2772 texit.
1388 2697 1485 2770 Haec
1500 2703 1657 2774 defensio
1672 2704 1761 2775 iusta
1777 2705 1846 2775 fuit
1861 2706 1957 2777 iuxta
1972 2707 2064 2777 illud
2163 2731 2167 2737 ·

30 2804 114 2890 vera
136 2813 227 2892 sint,
253 2808 313 2878 sed
335 2805 415 2888 illa,
441 2826 530 2896 quae
553 2825 659 2895 supra
684 2803 855 2887 diximus,
880 2825 923 2872 ex
946 2804 1024 2894 lege
1067 2798 1174 2872 Rom.
1191 2799 1309 2872 X.lll.:
1334 2798 1562 2891 Magistratus
1582 2804 1638 2875 dei
1655 2806 1834 2892 minister,
1857 2808 1987 2877 vindex
2001 2819 2064 2887 est,

29 2933 177 2992 naturae
191 2921 347 3000 sumpta,
373 2903 567 2974 illustriora
583 2917 618 2975 et
633 2904 832 2977 indubitata
847 2917 957 2993 sunt„
1068 2914 1108 2970 ut
1121 2900 1248 2993 puniat
1260 2903 1550 2978 malefacientem.
1588 2903 1640 2975 lta
1656 2921 1805 2998 possunt
1819 2910 1930 2979 multa
1945 2933 2063 2978 exem-

131 3013 238 3087 Addo
254 3027 373 3082 tamen
389 3021 423 3077 et
438 3001 531 3075 hanc
547 3006 768 3078 manifestam
783 3005 958 3096 regulam,
982 3018 1024 3074 ut
1069 3004 1125 3093 pla
1142 3007 1257 3072 uetera
1276 3004 1427 3077 recitari.

29 3122 137 3194 iudex
153 3113 302 3185 inferior
316 3111 407 3182 iuste
422 3107 475 3176 uti
498 3106 743 3178 iurisdictione
758 3130 820 3179 sua
835 3106 957 3187 debet,
982 3120 1024 3178 ut
1171 3101 1362 3175 Alexandri
1374 3101 1521 3175 Pheraei
1538 3107 1577 3175 in
1587 3100 1770 3177 Thessalia
1786 3122 1883 3179 tanta
1896 3109 1965 3179 fuit
1981 3134 2063 3179 cru-

28 3223 163 3295 iudices
187 3213 329 3308 oppidi,
356 3212 480 3302 inquo
502 3221 576 3278 erat
590 3204 734 3279 Naboth
756 3210 847 3305 iuste
860 3230 1024 3299 pronun-
1068 3204 1212 3289 delitas,
1237 3219 1279 3276 ut
1299 3201 1461 3295 homines
1483 3207 1640 3280 insueret
1658 3209 1697 3278 in
1712 3211 1820 3301 pelles
1835 3233 2000 3280 ursorum
2028 3227 2063 3283 et

27 3326 118 3400 tiare
133 3318 312 3390 debebant
333 3327 367 3384 et
382 3310 547 3382 scelerate
566 3310 742 3395 fecerunt,
766 3333 829 3381 sua
846 3308 1020 3379 sententia
1066 3330 1234 3396 aprorum
1267 3320 1302 3376 et
1327 3331 1430 3377 canes
1460 3308 1622 3380 incitaret
1645 3313 1690 3381 ad
1717 3334 1776 3380 eos
1798 3313 2061 3398 dilacerandos3

27 3424 229 3519 iugulantes
249 3409 394 3490 Naboth
414 3413 453 3482 in
476 3410 630 3501 graciam
648 3413 759 3501 regis,
792 3412 841 3482 ita
864 3409 1022 3500 gladium
1067 3407 1150 3476 item
1180 3420 1222 3476 ut
1250 3408 1351 3477 vivos
1372 3410 1565 3485 defoderat.
1624 3408 1732 3483 Hunc
1756 3427 1876 3503 postea
1901 3414 2062 3503 coniugis

25 3549 173 3623 gerens,
189 3522 280 3592 iuste
292 3517 346 3587 uti
362 3515 480 3606 gladio
491 3513 597 3585 debet
613 3513 658 3582 ad
678 3512 920 3583 defensionem
936 3534 1022 3582 suo-
1065 3509 1189 3578 fratres
1207 3508 1478 3590 interfecerunt,
1505 3536 1585 3581 cum
1600 3535 1758 3584 sororem
1773 3529 1807 3585 et
1820 3517 1965 3586 fratrem
1984 3541 2061 3584 ma-

23 3653 131 3712 rum,
153 3648 218 3696 nec
231 3621 279 3693 sit
293 3616 501 3689 administer
514 3614 649 3684 alienae
664 3614 903 3698 crudelitatis,
928 3611 1020 3682 sicut
1065 3609 1143 3697 gnis
1159 3611 1384 3679 contumeliis
1399 3611 1581 3686 affecisset.
1616 3612 1666 3683 Hi
1681 3615 1771 3685 iuste
1787 3617 1964 3702 fecerunt,
1980 3642 2060 3688 cum

17 3722 149 3805 Doech
164 3725 309 3798 adiuvat
324 3718 479 3791 Saulem.
519 3714 640 3805 Quare
655 3728 689 3786 et
701 3709 883 3786 Michaeas
896 3713 1021 3783 obiur-
1065 3711 1264 3781 liberarunt
1300 3712 1491 3783 asaevitia
1512 3736 1691 3800 sororem,
1730 3717 1873 3785 fratrem
1898 3731 1932 3788 et
1955 3712 2060 3791 cives:

22 3846 85 3927 gat
100 3850 199 3920 reges
221 3839 256 3895 et
276 3821 410 3892 iudices
425 3818 660 3888 colludentes:
686 3817 852 3910 princeps
867 3815 1022 3906 postulat
1064 3811 1187 3882 Postea
1213 3808 1294 3882 cu'm
1321 3825 1356 3882 et
1379 3813 1504 3883 fratres
1526 3814 1602 3900 illi,
1636 3830 1806 3909 occupato
1825 3818 1994 3910 imperio,
2018 3820 2059 3888 in

18 3945 56 4009 ct
70 3932 181 4005 iudex
195 3924 395 3998 assentitur.
449 3917 498 3990 Et
512 3917 661 3989 Traiani
684 3943 753 3989 vox
766 3919 888 3989 dextre
910 3916 1018 3985 intel·
1064 3907 1249 3982 Thessalia
1272 3913 1517 3986 crudelitatem
1539 3929 1758 4003 exercerent,
1784 3919 1876 3988 iuste
1898 3920 2059 3990 fecerunt

12 4038 113 4109 lecta
135 4028 300 4118 congruit
319 4047 399 4094 cum
427 4015 493 4090 hac
512 4021 654 4110 regula,
694 4020 759 4114 qui
779 4020 921 4091 tradens
943 4016 1019 4107 gla-
1063 4011 1243 4097 Thessali,
1256 4016 1318 4109 qui
1332 4013 1803 4110 accersiveruntPhilippum
1813 4018 2059 4096 Macedonem.

10 4138 124 4211 dium
140 4130 308 4220 magistro
332 4123 490 4217 'equitum
511 4120 648 4217 inquit,
668 4122 702 4192 si
717 4122 808 4193 iusta
823 4120 1018 4211 imperabo,
1163 4114 1222 4188 sic
1246 4115 1458 4210 Syracusani
1482 4117 1574 4188 iuste
1595 4133 1823 4191 excusserunt
1841 4119 2056 4216 Dionysium

10 4259 161 4335 prome
172 4231 285 4304 utaris
303 4226 439 4317 gladio,
464 4223 495 4292 si
508 4222 660 4310 iniusta,
684 4238 808 4296 contra
821 4244 879 4291 me
895 4220 1017 4301 utaris,
1062 4231 1206 4309 propter
1237 4219 1480 4291 crudelitatem
1508 4221 1674 4291 accersito
1702 4220 1939 4296 Timoleonte.
1996 4223 2056 4294 Sic

10 4336 189 4414 videlicet
214 4334 253 4402 in
276 4328 479 4400 defensione
503 4325 642 4417 proprii
670 4325 726 4394 sui
749 4323 924 4414 corporis,
955 4333 1017 4392 aut
1061 4317 1217 4389 Helvetii
1240 4319 1329 4389 iuste
1351 4336 1576 4392 excusserunt
1598 4317 1823 4410 Austriacos,
1849 4324 2054 4395 inusitatam
2170 4383 2174 4388 .

10 4463 168 4518 eorum,
211 4456 364 4530 quorum
395 4427 462 4498 tibi
494 4428 735 4496 commendata
762 4439 815 4494 est
845 4425 1016 4497 defensio.
1061 4420 1303 4490 crudelitatem
1323 4435 1532 4497 exercentes.

10 4542 104 4618 Nou
124 4540 220 4610 enim
243 4531 406 4606 concedit
430 4529 461 4599 ei
482 4539 687 4618 potestatem
712 4528 752 4594 in
773 4525 853 4595 aliis
868 4523 1016 4615 privatis
1161 4518 1893 4614 Haecquaedixideiuredefensionis,non
1902 4526 2054 4597 dubium

10 4642 163 4719 delictis
179 4640 217 4707 in
233 4662 312 4708 eum
330 4626 444 4731 [tce]
464 4628 782 4700 animadvertendi.
818 4624 1016 4699 Rexman-
1061 4635 1226 4706 est,vera
1244 4646 1329 4697 esse.
1363 4623 1433 4695 Sed
1445 4626 1843 4722 videatunusquisque,
1863 4643 1903 4699 ut
1916 4631 2055 4721 princi·
2103 4621 2105 4624 .

10 4751 108 4822 iens
132 4741 239 4813 alicui
259 4737 466 4807 inferiorem
481 4730 743 4820 magistratum,
767 4729 844 4798 sine
859 4727 934 4797 ulla
947 4727 1015 4798 du·
1060 4725 1263 4814 paliscausa
1271 4726 1524 4815 capiendorum
1534 4753 1714 4800 armorum
1727 4730 1775 4801 sit
1786 4732 1974 4803 necessitas
1990 4735 2054 4804 de-

10 4847 193 4923 strattone
209 4841 355 4912 mandat
371 4834 403 4905 ei
416 4833 656 4904 defensionem
673 4832 830 4912 suorum,
847 4829 938 4898 sicut
950 4851 1015 4918 pa-
1059 4825 1243 4896 tensionis.
1294 4825 1383 4896 Nam
1399 4824 1561 4898 homines
1575 4854 1678 4922 saepe
1693 4832 1785 4901 odiis
1800 4846 1862 4903 aur
1883 4833 2054 4904 avaritiae

10 4949 279 5025 'siliberorum
296 4936 454 5011 defensio
468 4935 634 5005 mandata
650 4947 711 5006 est.
745 4929 830 5003 ldeo
844 4932 1013 5001 adversus
1059 4926 1264 5018 praeferunt
1279 4928 1422 4998 titulum
1439 4930 1666 5002 defensionis.
1701 4931 1884 5005 Hicsuam
1902 4934 2053 5028 quisque

10 5050 241 5125 nanifestam
257 5057 292 5115 et
305 5056 458 5113 atrocem
473 5036 642 5107 iniuriam
659 5034 750 5106 tueri
766 5055 848 5104 suos
864 5032 980 5101 debet.
1058 5029 1306 5098 conscientiam
1325 5032 1501 5121 exploret,
1515 5026 1594 5102 ‘nec
1610 5036 1848 5104 condemnent
1863 5036 1925 5104 alii
1940 5036 2051 5106 susci.

114 5149 217 5223 Sicut
237 5147 275 5216 in
298 5140 499 5214 foederibus
516 5161 652 5230 semper
669 5150 831 5227 exceptus
846 5147 897 5204 est
912 5154 1012 5210 casus
1057 5129 1479 5220 pientemdefensionem3
1498 5128 1554 5202 his
1563 5149 1711 5221 constet,
1725 5160 1798 5205 non
1809 5160 1882 5206 esse
1891 5160 2051 5208 necessa.

10 5250 231 5325 {ceruariae
259 5242 495 5321 defensionis,
526 5238 665 5311 etiamsi
686 5239 787 5308 nulla
809 5236 886 5306 eius
910 5255 1011 5304 casus
1056 5230 1143 5300 riam
1155 5232 1394 5302 defensionem
1406 5249 1439 5305 et
1454 5235 1590 5323 impelli
1601 5260 1682 5306 eum
1691 5237 1771 5306 aliis
1785 5238 2050 5330 cupiditatibus.

10 5355 106 5427 hacta
127 5352 174 5423 sit
194 5348 350 5430 mentio,
373 5344 457 5439 quia
472 5354 619 5412 naturae
634 5365 702 5410 vox
716 5353 836 5409 manet
850 5339 1009 5418 immota,
1152 5331 1236 5403 Non
1252 5336 1377 5407 dubito
1394 5332 1657 5408 Thracibulum
1667 5339 1757 5410 iuste
1771 5340 1894 5410 fecisse
1911 5341 2062 5433 pellan..

10 5456 67 5528 'ua
90 5456 128 5527 in
151 5449 217 5524 hac
233 5450 333 5522 civili
355 5445 574 5517 subiectione
589 5442 809 5533 intelligatur
822 5461 921 5511 casus
943 5460 1007 5507 ne·
1054 5446 1125 5503 tem
1147 5434 1290 5526 triginta
1314 5435 1522 5532 Tymnos,
1550 5433 1614 5532 qui
1636 5453 1713 5512 tum
1740 5454 1843 5514 erant
1866 5441 2048 5513 ordinaria
