4882 6426
188 329 263 407 775
764 306 1197 431 annotatum
1245 309 1351 389 LIB.
1377 308 1442 384 xt.
1495 306 1625 388 tato.
2148 310 2227 388 776

194 500 263 595 ipsi
280 523 353 568 non
376 497 491 567 solum
512 488 725 584 perspicitis,
748 486 936 557 sedetiam
959 506 1085 574 magna
1110 483 1179 551 lide
1229 481 1507 554 amantissimum
1528 505 1602 552 esse
1620 482 1692 567 tui,
1725 493 1760 553 et
1782 481 1951 553 iustitiam
1976 483 2018 550 in
2038 483 2231 554 reserenda·

192 599 394 695 praestatis,
432 619 478 665 ne
501 594 533 663 ei
549 592 764 680 desit'opera
784 602 899 658 vestra
922 587 962 655 in
983 583 1181 676 praecipuis
1231 583 1341 672 gratia
1357 584 1484 656 colere.
1536 581 1605 653 Hic
1631 584 1752 674 auriga
1772 608 1876 674 apros
1896 577 2038 668 avehet,
2057 609 2163 675 quos,
2191 585 2225 653 si

194 703 319 781 rebus,
346 696 520 768 adiuvatis
535 691 730 780 relligionis
752 687 1061 771 constitutionem,
1086 685 1182 776 pacis
1231 685 1300 752 mei
1316 697 1447 768 essent,
1472 683 1539 753 tibi
1556 684 1805 778 relinquerem.
1856 685 1925 756 Sed
1942 685 1986 753 de
2009 683 2122 754 alieno
2143 709 2225 756 non

195 801 516 878 conservationem,
550 806 584 863 et
611 791 766 861 excitatis
796 789 924 861 studia.
980 785 1078 857 Haec
1099 797 1182 854 sunt
1232 798 1283 855 est
1298 784 1528 874 largiendum.
1579 783 1719 873 Quaeso
1735 786 1853 865 etiam,
1869 799 1910 855 ut
1925 785 2045 854 literas
2054 782 2227 856 lllustris-

194 904 314 992 magni
338 900 407 968 viri
432 901 469 965 in
492 895 672 984 republica
693 891 864 961 versantis
892 888 1078 980 praecipua
1102 912 1182 954 mu-
1232 886 1312 954 simi
1329 883 1503 974 Principis
1522 883 1601 958 aD.
1617 885 1815 957 secretario
1837 901 1953 977 petas,
1979 899 2014 956 et
2037 887 2145 956 nobis
2166 909 2233 978 per

139 1018 143 1026 ’
195 1028 299 1085 nera,
325 1015 360 1070 et
374 1001 446 1069 Deo
463 1012 570 1086 grata.
621 992 711 1089 Cum
735 993 842 1081 igitur
863 991 1038 1060 studiosos
1062 989 1183 1076 singu·
1235 982 1417 1056 hominem
1433 985 1572 1054 fidelem
1590 988 1719 1061 mittas.

197 1105 265 1174 lari
281 1098 525 1171 benevolentia
540 1093 839 1185 complectamini,
868 1091 1045 1180 sicutipse
1061 1112 1183 1205 exper:
1334 1117 1389 1188 D,
1404 1111 1633 1201 Bremia,
1658 1140 1808 1210 quaeso,
1831 1117 2008 1208 interrog,
2021 1116 2233 1201 consulem,

198 1219 255 1276 tus
270 1227 367 1286 sum,
393 1199 459 1269 etii
480 1193 711 1266 hufflanstdfis
731 1207 884 1275 vestm&
911 1216 986 1274 ⁰⁰¹³
1002 1192 1183 1304 diffindam
1234 1244 1279 1289 an
1295 1219 1480 1310 pecuniam
1495 1233 1677 1309 acceptura
1694 1217 1751 1292 sit.
1802 1216 1952 1289 Librum
1971 1234 2004 1289 et
2027 1220 2148 1290 literas
2171 1221 2233 1289 in-

199 1304 363 1376 iuvandis
401 1300 505 1371 b⁰¹¹f⁸
538 1296 725 1411 ingenii&
777 1282 927 1388 caspar
964 1285 1184 1410 W‘n‘sst‘f‘
1235 1320 1380 1411 scriptas
1395 1321 1472 1389 viro
1488 1318 1622 1404 nobili,
1648 1320 1840 1411 praestanti
1860 1321 1990 1391 virtute
2005 1334 2040 1390 et
2055 1322 2236 1392 eruditio-

199 1420 371 1500 quantum
395 1402 508 1470 valeat
527 1412 561 1467 εἷ
583 1397 747 1465 f³⁰¹¹¹¹d¹³
763 1388 820 1488 *)³
850 1418 914 1462 V⁰⁸
936 1404 1068 1482 ομΠῐιε
1088 1393 1186 1460 ¹¹¹d¹'
1235 1444 1298 1501 ne,
1325 1418 1480 1489 Domino
1501 1415 1666 1490 Erasmo
1682 1445 1706 1488 a
1724 1414 1934 1491 Mincltwiz
1958 1423 2076 1491 tradas
2093 1423 2128 1491 ei
2144 1423 2236 1514 ipse,

200 1530 279 1576 care
295 1502 449 1596 potestis.
492 1495 569 1587 Ego
585 1499 729 1588 quidem
745 1507 779 1564 et
795 1494 930 1584 ingenii
945 1492 1184 1562 dexteritatem
1235 1534 1269 1591 et
1292 1522 1400 1613 pemo
1422 1544 1643 1612 responsum·
1693 1520 1789 1591 Bene
1810 1521 1900 1595 vale·
1951 1520 2017 1594 Die
2039 1521 2074 1597 9·
2096 1519 2235 1594 lanua·

201 1621 235 1677 et
253 1627 369 1674 mores
386 1628 426 1671 ac
442 1600 673 1671 constantiam
690 1599 727 1664 in
745 1598 789 1665 iis
806 1598 929 1674 rebus,
955 1617 1041 1686 quas
1067 1615 1182 1661 susce·
1216 1621 1280 1692 ,rii
1301 1621 1413 1694 1548·

200 1708 273 1799 pit,
302 1705 428 1796 probo.
479 1698 588 1789 Cupit
609 1712 724 1767 autem
749 1700 863 1765 redire
885 1698 929 1766 ad
946 1693 1186 1775 Academiam,
1929 1718 2127 1818 Phffippus·

108 1860 109 1864 =
200 1830 350 1901 cumque
371 1805 440 1872 iam
464 1801 555 1870 desit
577 1801 686 1869 lector
706 1798 968 1868 institutionum
992 1796 1031 1863 in
1049 1792 1186 1863 Acade-

201 1910 272 1978 mia
301 1902 617 1978 Francofordiana,
657 1913 753 1982 orat,
791 1897 858 1966 sibi
894 1921 969 1966 eam
999 1895 1186 1964 lectionem
1261 1946 2240 1963 —---------.-.........-.

202 2006 384 2079 committi.
421 2001 502 2073 Scio
520 2001 619 2069 brevi
636 2000 790 2069 futuram
806 1997 1080 2089 frequentiorem
1095 1991 1187 2064 Aca·

202 2108 369 2191 demiam,
394 2129 433 2174 ea
449 2102 599 2171 lectione
615 2100 816 2171 constituta.
866 2097 915 2168 Et
932 2092 990 2166 hic
1012 2098 1080 2165 erit
1102 2094 1188 2164 assi·
1237 2105 1305 2180 No,
1320 2105 1433 2182 4118,
2107 2121 2142 2183 9·
2156 2110 2221 2177 pm

202 2213 305 2282 duus.
353 2203 419 2276 Est
433 2204 527 2274 enim
544 2201 675 2271 laboris
691 2200 843 2290 patiens,
869 2213 902 2268 et
916 2221 1038 2267 amans
1052 2195 1188 2266 studio·
1247 2203 1447 2244 *ΑΛ
1573 2240 1579 2245 -
2092 2205 2233 2234 w-

201 2335 300 2389 rum,
336 2320 369 2375 et
392 2303 521 2396 poterit
541 2282 727 2394 proficere,
768 2313 806 2369 ut
827 2301 908 2369 usui
929 2299 975 2368 sit
996 2299 1187 2390 aliquando
1652 2291 1820 2381 Eidem,

202 2412 239 2479 in
256 2409 333 2477 aliis
348 2405 513 2494 negociis.
565 2400 668 2490 Rogo
689 2403 814 2490 igitur,
840 2415 882 2470 ut
895 2401 935 2468 in
957 2394 1022 2468 hac
1045 2423 1082 2467 re
1108 2421 1187 2466 euin
1328 2453 1412 2525 Epist·
1431 2453 1478 2510 Hb·
1498 2453 1533 2505 v·
1552 2472 1578 2524 p.
1598 2452 1650 2507 ³83
1667 2472 1709 2526 'q'

203 2508 387 2581 adiuvetis.
438 2504 549 2597 Spero
569 2527 630 2571 vos
646 2503 777 2592 optime
793 2504 1025 2571 collocaturus
1043 2495 1112 2568 hoc
1127 2501 1189 2567 be-

204 2610 380 2681 neficium.
413 2604 503 2675 Nam
519 2627 623 2695 opera
640 2596 811 2698 Gospari
823 2603 1007 2695 prolatura
1021 2613 1072 2670 est
1087 2594 1190 2669 scho-
1521 2607 1602 2681 Ma
1612 2634 1685 2681 ΜΟ
1717 2603 1867 2682 Orod,
1877 2609 1956 2682 ΗΟ.

203 2714 258 2783 lae
272 2725 308 2781 et
326 2708 558 2799 reipublicae,
584 2718 617 2773 et
639 2727 778 2773 necesse
800 2720 868 2788 est,
893 2703 1027 2786 anniti,
1052 2715 1092 2770 ut
1115 2714 1191 2769 stu·
1240 2735 1282 2828 s·
1315 2754 1359 2825 D·
1422 2751 1636 2825 Charissime

203 2815 536 2899 diaconserventur.
587 2803 683 2875 Haec
696 2805 819 2895 scripsi
836 2803 988 2895 simplici
1010 2802 1130 2870 animo
1147 2803 1190 2869 ad
1368 2859 1379 2925 l
1423 2858 1444 2896 ,Ι
1497 2857 1598 2927 D²1e
1619 2859 1644 2927 ι,
1898 2883 1932 2925 m
1993 2860 2020 2929 lt
2140 2856 2234 2931 ‘sb'

203 2938 286 2994 vos,
317 2936 357 2980 ac
390 2932 493 2997 rogo,
526 2921 567 2978 ut
599 2930 693 2975 meas
724 2907 841 2976 literas
875 2905 962 2976 boni
989 2903 1192 2977 consulatis.
1242 2881 1455 2949 exempam
1532 2884 1563 2925 ¹⁶
1599 2881 1729 2943 Μεθ’
1779 2882 1895 2951 ‘1¹¹0ffl
1971 2884 2124 2930 ‘lerum
2185 2887 2236 2929 ¹¹

416 3013 431 3078 ¹
463 3007 511 3079 48
1243 2963 1359 3042 dono,
1406 2960 1557 3028 altemm
1597 2959 1699 3028 dabis
1740 2957 1817 3028 viro
1859 2960 1993 3045 nobili,
2042 2962 2236 3052 praestanti

202 3015 240 3088 8·
256 3012 395 3084 Ianuar·
436 3011 460 3084 5
513 3061 525 3084 ⁹
1244 3060 1374 3130 virtute
1423 3071 1457 3128 et
1504 3060 1705 3129 eruditione
1742 3055 1909 3129 Erasmo
1951 3086 1975 3131 a
2018 3057 2236 3149 Mr'ncltwr'z,

1245 3185 1369 3254 quern,
1418 3159 1482 3229 etsi
1518 3161 1585 3230 alia
1627 3162 1659 3229 ei
1699 3162 1821 3247 mitto,
1873 3162 1981 3252 inagis
2019 3166 2235 3234 convenien-

1245 3262 1294 3331 tia
1317 3261 1427 3352 ipsius
1451 3274 1486 3329 et
1507 3261 1612 3331 aetati
1633 3276 1666 3332 et
1690 3262 1888 3348 autoritati,
1922 3278 2038 3335 tamen
2063 3265 2233 3358 inspicere

105 3432 109 3443 Ι
203 3393 259 3464 No
286 3391 387 3463 4117
1097 3443 1108 3462 .
1187 3442 1193 3456 ·
1245 3358 1517 3431 baecelementa
1539 3363 1663 3443 velim,
1689 3376 1731 3434 ut
1754 3362 1906 3450 iudicet,
1938 3390 1984 3435 an
2009 3381 2104 3438 recte
2127 3366 2232 3437 facia-

210 3442 400 3520 ·0'01‘
1059 3489 1194 3518 »ων
1245 3486 1324 3532 mus
1354 3464 1528 3543 osticium,
1561 3488 1641 3533 cum
1672 3464 1754 3535 talia
1779 3465 2013 3557 proponimus
2031 3468 2233 3539 adolescen-

504 3586 655 3670 Marco
683 3583 895 3672 crodelio·
1245 3565 1325 3648 tiae,
1352 3579 1385 3634 et
1402 3589 1446 3632 an
1462 3588 1544 3633 vere
1560 3589 1624 3634 nos
1638 3581 1817 3652 accusent,
1844 3567 1907 3661 qui
1921 3568 2065 3653 dicunt,
2088 3585 2154 3640 nos
2170 3572 2235 3641 ab·

466 3710 468 3716 .
945 3723 946 3728 ,
1245 3667 1364 3735 iecisse
1382 3666 1636 3734 consessionem
1652 3668 1844 3753 doctrinae,
1869 3693 1949 3738 cum
1968 3664 2056 3739 haec
2070 3671 2148 3763 ipsa
2164 3672 2235 3741 ele-

274 3760 360 3835 Epist.
378 3759 472 3814 ΗΜ·
487 3756 630 3830 P·3⁸⁵⁸¹t·
1244 3780 1361 3836 menta
1381 3770 1567 3836 ostendant
1586 3768 1629 3836 de
1652 3770 1772 3840 miultis
1794 3770 1969 3854 materiis,
1995 3771 2083 3865 quid
2105 3774 2235 3844 sentia-

1245 3891 1342 3951 mus,
1378 3882 1412 3939 et
1435 3869 1480 3937 ad
1502 3863 1569 3938 hoc
1588 3870 1717 3960 scripta
1745 3872 1834 3958 sint,
1868 3885 1908 3942 ut
1928 3873 2085 3944 forment
2104 3874 2233 3945 iudicia

1244 3967 1444 4054 iuniorum,
1470 3973 1558 4040 etad
1578 3970 1868 4045 diiudicationem
1884 3996 2002 4042 veram
2016 3998 2140 4046 rerum
2155 3998 2232 4065 gra-

1244 4070 1465 4139 vissimarum
1481 4087 1691 4161 praeparent
1706 4086 1842 4143 teneras
1859 4089 2004 4148 mentes.
2029 4073 2131 4147 Bene
2148 4077 2232 4152 vale.

1666 2754 1798 2831 Marce.
1872 2756 1979 2827 Mitto
2014 2760 2058 2828 ad
2093 2771 2128 2829 te
2163 2761 2236 2831 duo

269 3911 432 3988 Marco
458 3908 493 3987 C
500 3909 693 3994 rodolio,
716 3910 943 4006 gubernanti
962 3909 1139 3986 Scholam

551 4011 590 4084 Τ
590 4012 847 4109 arguvicnsem.

21 4246 24 4255 Ι
90 4204 92 4209 ι
207 4147 255 4238 S.
280 4166 326 4237 D.
375 4163 540 4235 Vetustas
555 4177 647 4234 recte
663 4162 712 4232 sic
728 4163 848 4234 sensit.
898 4160 1014 4232 Deum
1030 4165 1107 4235 iura
1129 4161 1196 4236 ho·
1241 4168 1309 4241 Die
1321 4173 1357 4245 9.
1376 4170 1450 4243 lan
1472 4168 1581 4246 1548.

208 4268 394 4360 spitiorum
426 4265 597 4348 sanxisse,
635 4288 674 4333 ac
707 4265 797 4333 velle
827 4264 994 4354 utrinque
1023 4265 1194 4337 iustitiam
1756 4287 2187 4384 PhffippusMelamhon·

208 4369 359 4438 exerceri
374 4370 418 4436 ab
435 4368 496 4446 iis,
522 4365 585 4458 qui
600 4367 802 4455 peregrinos
822 4364 1022 4455 excipiunt,
1048 4381 1195 4460 etape-
1378 4440 1415 4457 ..
1496 4440 1505 4458 ,
1741 4445 1749 4458 ¹
1789 4372 1792 4376 ’
1954 4444 1992 4462 ..
2023 4445 2031 4461 ⁵
2203 4445 2212 4463 ι

208 4470 358 4558 regriuis
375 4469 472 4560 ipsis.
505 4466 596 4537 Cum
613 4480 729 4535 autem
746 4462 834 4534 mihi
853 4480 885 4534 et
903 4467 1093 4539 comitibus
1107 4470 1194 4539 ineis
1346 4439 1440 4559 Fss'?
1456 4453 1613 4527 'mum’
1638 4441 1714 4512 ΠΕΟ
1738 4459 1900 4530 ”Names
1926 4446 2135 4517 ¹¹¹⁰d¹⁰s²¹¹¹
2160 4446 2230 4516 ⁸⁶¹·

208 4570 310 4640 toties
344 4571 413 4639 iam
448 4568 545 4638 donli
580 4582 659 4638 tuae
691 4568 895 4657 praebueris
928 4562 1122 4658 hospitium
1162 4584 1196 4640 et
1410 4558 1554 4616 ²¹⁰⁰⁸¹¹¹0

208 4671 326 4741 omnia
342 4670 446 4739 nobis
467 4669 581 4739 officia
601 4669 834 4758 praestiteris,
863 4667 1018 4736 vicissim
1034 4694 1099 4740 nos
1116 4695 1195 4759 gra-

209 4772 324 4844 titudo
351 4774 459 4842 deret.
521 4767 637 4840 Deum
658 4784 773 4838 autem
796 4794 880 4849 oro,
922 4784 1103 4841 aeternum
1127 4772 1195 4840 Pa-

209 4889 298 4945 trem
312 4870 460 4942 Domini
482 4871 594 4961 nostri
612 4867 691 4939 lesu
707 4866 860 4955 Christi,
892 4882 928 4939 te
952 4884 988 4941 et
1008 4866 1194 4947 honestiss.

210 4974 392 5062 coniugem
409 4986 504 5042 tuam
521 4986 553 5041 et
569 4972 709 5041 dulciss.
725 4972 855 5042 liberos
870 4983 1043 5060 protegat,
1074 4988 1108 5045 ct
1132 5000 1195 5044 ro.
1240 4931 1438 5062 Q·
2056 4945 2226 5067 Q

1251 4761 2225 4793 -.......,.-...-..............................,,.,.

209 5076 265 5146 bis
285 5074 490 5146 benefaciat.
539 5068 637 5161 Ego,
664 5073 694 5191 si
715 5097 785 5165 qno
807 5071 924 5189 officio
940 5073 1192 5188 gratitudinem
1475 5126 1514 5214 G
1547 5132 1770 5216 Maiorad
1783 5133 1812 5215 Ι
1836 5135 1986 5219 Ionam

209 5174 386 5246 declarare
407 5188 550 5267 potero,
575 5174 772 5263 perficiam,
796 5187 837 5245 ut
859 5173 1053 5264 intelligas,
1078 5199 1134 5246 me
1160 5190 1199 5251 et
1515 5192 1527 5215 ·
1798 5195 1819 5254 ⁵.
1990 5196 1999 5215 ·

1311 5320 1381 5394 †Es
1403 5321 1572 5395 autompbo
1590 5323 1705 5378 Maioris
1728 5322 1756 5377 in
1775 5322 1839 5378 Vol.
1861 5323 1943 5396 Epist.
1964 5325 2102 5384 Meiuin.
2126 5347 2169 5401 ep.
2188 5329 2229 5385 st.

1346 5391 1449 5443 luterni
1463 5390 1532 5446 banc
1550 5393 1644 5460 epist,
1662 5393 1723 5464 quia
1742 5390 1858 5447 illustrat
1874 5413 1923 5459 ea,
1941 5413 2009 5468 quse
2083 5396 2187 5455 authen
2199 5398 2231 5453 de

238 5460 269 5531 *l
289 5459 402 5518 Videtur
412 5460 459 5517 his
470 5457 573 5535 aliquid
585 5457 728 5533 excidisse,
746 5469 792 5520 uta
808 5469 836 5516 et
846 5462 991 5533 dumiso,
1010 5458 1158 5521 relsimilc.
1347 5459 1416 5513 lona
1432 5459 1486 5517 boc
1504 5471 1625 5534 tempore
1636 5461 1753 5534 scriptil-
