4882 6436
195 288 266 363 171
779 268 1223 352 nmseonaron
1273 274 1387 358 orn.
1416 277 1466 363 x.
1517 256 1683 390 asco.
2079 277 2083 285 ·
2168 280 2242 359 na

195 463 334 534 labores
350 457 471 530 defero
485 468 690 527 reverenter
708 465 743 523 et
755 443 933 523 Ecclesiae
948 445 1028 535 Dei,
1045 461 1080 520 et
1095 445 1190 525 GV.
1242 464 1282 523 nt
1304 452 1468 544 aspidum
1489 453 1670 525 saevitiam
1688 452 1791 544 pueri
1807 477 1874 524 nec
1887 474 2008 524 cavere
2021 453 2161 546 possint
2175 477 2242 525 nec

194 562 240 640 D.
250 564 385 637 Doctor
399 556 634 654 Augustinus
649 554 815 649 promisit
830 577 867 624 se
882 564 1088 623 curaturum
1103 574 1192 643 esse,
1243 554 1437 646 depellere,
1467 557 1513 628 sit
1531 581 1598 626 nos
1616 551 1752 627 technis
1770 550 1946 640 hostium,
1972 582 2125 649 quorum
2142 557 2242 627 varia

195 681 236 737 ut
254 665 405 735 fideliter
419 663 464 732 ad
479 659 574 734 C.V.
589 655 677 729 haec
692 657 821 748 scripta
836 656 1073 747 perferantur.
1105 650 1191 727 ldeo
1243 669 1329 727 sunt
1341 680 1487 747 genera,
1512 683 1696 729 occurrere
1712 682 1786 727 non
1802 681 2000 750 possumus.
2032 656 2155 728 Unum
2172 659 2243 749 igi-

197 791 237 838 ea
258 767 326 859 ipsi
348 762 605 836 commendavi.
656 757 710 830 Ac
730 783 817 843 oro,
841 771 882 827 nt
901 755 1076 846 significet
1091 752 1133 831 C.
1147 751 1195 829 V.
1244 771 1304 828 tur
1331 753 1400 828 hoc
1429 783 1589 850 agamus:
1620 759 1791 829 iaciamus
1813 760 1971 829 officium
1992 775 2174 847 nostrum,
2207 773 2244 831 et

196 892 243 940 an
261 893 301 938 ea
316 866 499 958 acceperit.
547 859 646 935 Deus
664 874 826 932 aeternus
840 857 946 929 Pater
960 855 1110 930 Domini
1127 881 1195 926 no-
1246 860 1359 931 exitus
1372 855 1450 931 Deo
1468 865 1765 932 commendemus.

196 971 261 1042 stri
278 968 356 1039 lesu
369 965 502 1039 Christi
517 979 632 1036 servet
646 961 687 1037 C.
696 962 741 1037 V.
757 975 792 1033 et
805 976 902 1050 regat
916 984 1005 1029 eam.
1038 955 1108 1031 Die
1123 982 1194 1052 quo
1344 960 1459 1032 Filius
1474 966 1577 1035 docet
1591 987 1720 1053 magna
1738 987 1818 1031 cum
1835 963 1940 1033 laude
1954 955 2005 1057 ¹⁵).
2055 961 2147 1034 Dedi
2164 959 2242 1033 Do-

198 1073 396 1143 celebratur
411 1069 582 1138 memoria
597 1060 771 1155 triumphi
786 1062 874 1133 Filii
888 1060 970 1151 Dei,
987 1085 1058 1156 quo
1073 1084 1198 1132 ascen·
1247 1063 1337 1133 ctori
1353 1056 1537 1135 Chiliuno
1552 1059 1712 1162 Aquilae
1732 1064 1934 1155 epistolam,
1965 1088 2005 1133 ex
2025 1088 2094 1158 qua
2109 1089 2244 1154 cogno·

201 1176 256 1245 dit
270 1174 310 1243 in
324 1172 462 1244 coelum
478 1181 656 1263 spectante
670 1163 840 1240 Ecclesia.
1083 1206 1087 1211 -
1248 1188 1320 1234 sces
1341 1161 1411 1260 τὴν
1428 1159 1670 1266 ναογεώργου
1687 1161 1842 1259 μανίαν.
1893 1161 1990 1235 Deus
2005 1179 2103 1257 regat
2117 1164 2243 1236 Eccle-

1248 1266 1316 1337 sias
1339 1282 1496 1350 nostras,
1523 1280 1557 1338 et
1579 1268 1615 1336 in
1641 1269 1691 1337 eis
1712 1263 1966 1339 haereditatem
1989 1269 2149 1337 filiosuo
2167 1268 2245 1338 Do·

1249 1368 1346 1439 mino
1362 1384 1485 1440 nostro
1502 1367 1581 1439 lesu
1598 1366 1684 1439 Chr.
1697 1383 1888 1439 extremam
1903 1370 2055 1459 colligat.
2092 1368 2245 1440 Decrevi

201 1499 258 1572 No
295 1493 410 1567 3480·
744 1514 747 1518 «
1053 1495 1085 1560 5,
1103 1486 1173 1552 lun,
1249 1472 1426 1560 expatiare
1448 1475 1493 1541 ad
1513 1471 1709 1563 principem
1726 1463 1927 1563 Georgium
1943 1472 1981 1540 in
1997 1471 2163 1541 viciniam
2182 1495 2246 1540 ve-

202 1551 413 1627 u'wv
1019 1580 1192 1613 *Ν
1250 1586 1371 1658 stram,
1397 1599 1467 1666 quo
1483 1596 1585 1664 spero
1606 1587 1640 1643 te
1653 1597 1795 1666 quoqne
1811 1587 2001 1642 venturum
2017 1596 2100 1646 esse.
2151 1571 2245 1641 Nam

580 1691 820 1780 studiosi&
1081 1664 1086 1673 Χ
1251 1676 1347 1766 quod
1361 1674 1546 1765 significas,
1571 1686 1606 1744 te
1622 1669 1693 1744 buc
1705 1673 1963 1764 expatiaturum
1979 1697 2063 1759 esse,
2086 1674 2153 1743 scis
2168 1698 2245 1743 non

1251 1775 1326 1843 sine
1340 1801 1469 1866 magno
1487 1789 1606 1846 sumtu
1620 1777 1690 1844 tale
1706 1777 1792 1859 iter,
1816 1776 1978 1867 quamvis
1996 1800 2069 1845 non
2086 1776 2245 1865 longum,

1251 1900 1271 1945 a
1289 1889 1323 1946 te
1339 1878 1417 1947 fieri
1436 1900 1547 1967 posse.
1578 1874 1698 1947 Vidua
1714 1869 1773 1971 **)
1795 1876 1878 1946 fecit
1894 1878 2085 1948 emtionem
2103 1879 2245 1947 dnobus

284 2044 286 2048 ’
319 2008 519 2110 Philippus
545 2001 773 2083 ttIeIanthon
800 1999 1090 2101 (Studiosis).
1253 1979 1413 2049 millibus
1430 1994 1465 2049 et
1479 1979 1654 2051 ducentis.
1687 1977 1780 2049 Satis
1795 2002 2007 2052 exercemur.
2041 1976 2139 2047 Bene
2155 1980 2246 2061 vale,

1252 2080 1309 2149 die
1326 2095 1388 2151 tuo
1402 2080 1524 2165 natali,
1549 2105 1619 2173 qno
1635 2076 1781 2149 Graecis
1795 2082 1886 2149 duae
1906 2080 2073 2152 victoriae
2089 2079 2246 2151 clarissi-

204 2164 334 2254 Hodie
349 2173 437 2247 hora
451 2175 564 2268 prima
580 2172 795 2243 conveniant
807 2169 846 2239 in
861 2171 969 2240 domo
981 2164 1203 2249 Academiae,
1253 2205 1330 2251 mae
1344 2196 1465 2274 pam,
1481 2194 1566 2252 ,um
1579 2179 1763 2252 Leuctrica
1779 2195 1814 2251 et
1833 2183 2051 2254 Gemma,
2067 2175 2161 2276 ***).

205 2286 246 2358 in
274 2304 343 2376 qua
369 2292 420 2348 est
441 2276 661 2348 auditorium
685 2271 1041 2357 iurisconsultorum,
1076 2267 1203 2340 delecti

207 2410 249 2458 ex
264 2380 469 2452 Voitlandis
485 2379 529 2448 ad
547 2377 735 2468 stipendia.
780 2372 907 2446 Sciunt
923 2373 1031 2457 enim,
1057 2370 1203 2441 nomina

207 2508 350 2568 eorum,
384 2482 446 2575 qui
479 2480 524 2550 ad
551 2501 697 2548 examen
722 2488 918 2559 venerunt,
959 2471 1203 2543 illustrissimo
1254 2501 1450 2576 Nastae.
2114 2503 2234 2573 Mum

206 2585 366 2675 Principi
383 2583 553 2654 mittenda
571 2602 655 2654 esse.
680 2575 728 2649 Et
743 2576 1009 2650 studiisntilem
1024 2598 1096 2644 esse
1112 2568 1204 2643 lianc
1257 2600 1462 2636 υνκ-
2104 2597 2246 2624 Μ

206 2685 465 2781 inspectionem
484 2680 668 2753 doctrinae
685 2694 719 2750 et
736 2683 782 2750 ad
799 2678 1022 2769 disciplinam
1040 2677 1204 2768 prodesse
1538 2680 1599 2769 A·
1619 2681 1956 2773 Lauterbacitt'o.

207 2810 400 2884 speramns.
424 2783 533 2855 Decet
548 2796 665 2853 autem
680 2805 801 2852 omnes
817 2783 905 2848 bene
922 2793 1076 2849 moratos
1088 2799 1205 2846 amare

206 2913 336 2963 nervos
370 2887 593 2979 disciplinae.
654 2882 728 2954 Nec
760 2905 893 2952 nomen
921 2895 1059 2951 tantum
1087 2877 1203 2970 gentis

207 2993 392 3073 Varistae,
418 3013 438 3058 a
456 2987 602 3057 veritate
618 2985 763 3069 sactum,
787 2981 971 3054 sedetiam
989 3005 1044 3050 res
1058 3002 1204 3070 magnae
1256 2996 1407 3074 Amo„
1416 3001 1461 3074 ἑο
1483 2998 1522 3076 L
1530 3014 1635 3078 am
1645 3004 1693 3076 rb
1704 3031 1727 3076 a
1737 3029 1754 3077 c
1762 2999 1808 3091 h,
1840 2998 1992 3075 Pastori
2007 2997 2147 3076 Em⁴
2160 2994 2251 3072 Pir-

208 3095 313 3176 olim,
336 3115 401 3183 pro
417 3088 622 3160 defensione
639 3086 811 3156 libertatis
827 3081 1061 3153 Germanicae
1077 3096 1205 3172 gestae,
1683 3107 1819 3182 musis·

207 3195 426 3286 significant,
459 3211 587 3278 magna
617 3188 760 3258 virtutis
790 3185 954 3256 exercitia
978 3185 1018 3252 in
1040 3209 1079 3254 ea
1103 3197 1205 3273 gente
1431 3252 1443 3279 Τ
1827 3257 1837 3274 ‚
1942 3255 1950 3272 ,
2196 3254 2206 3273 ‚

205 3299 330 3379 fuisse,
356 3316 446 3383 quae
466 3289 600 3359 imitari
619 3302 778 3380 posteros
801 3309 939 3357 necesse
958 3299 1021 3358 est·
1072 3283 1204 3355 Datum
1254 3234 1373 3327 S.D.
1409 3251 1622 3326 lenerande
1638 3251 1683 3330 D.
1700 3253 1860 3375 A¹3¹⁰¹¹¹2
1890 3253 1987 3328 Unte
2000 3268 2056 3374 'est
2071 3250 2250 3375 Ecclesiae

1255 3354 1341 3439 Der,
1367 3357 1460 3426 bona
1483 3370 1518 3427 et
1539 3360 1719 3428 moderata
1741 3380 1881 3447 mgema
1907 3358 2071 3426 uberiore
2086 3358 2250 3426 doctrina

205 3394 242 3472 5⁴
257 3397 371 3480 lunu'
397 3416 492 3464 auno
511 3387 621 3466 1546'
785 3552 788 3557 .
1255 3455 1368 3526 excoli
1381 3471 1416 3527 et
1430 3459 1570 3532 instrui.
1597 3456 1688 3529 Cum
1704 3458 1812 3548 igitur
1828 3461 1965 3528 indoles
1980 3452 2135 3554 Iosephi
2147 3483 2251 3551 prae-

214 3603 1199 3635 ..................-.--..---.-.-.----
1256 3559 1347 3628 clara
1374 3559 1438 3646 sit,
1469 3575 1575 3653 opto,
1604 3576 1644 3632 ut
1669 3561 1708 3629 in
1733 3560 1923 3632 Academia
1946 3561 2080 3631 diutius
2105 3583 2251 3630 manere

1256 3659 1384 3752 possit,
1415 3662 1479 3733 nbi
1500 3659 1617 3733 adhuc
1631 3657 1700 3731 Dei
1723 3664 1893 3734 beneficio
1916 3663 2043 3733 florent
2063 3661 2251 3732 literarum

205 3759 272 3830 No.
292 3757 407 3832 348¹.
1102 3796 1113 3821 ·
1195 3805 1203 3822 ·
1255 3762 1383 3842 studia,
1409 3787 1450 3834 ac
1467 3763 1532 3833 tibi
1547 3788 1627 3835 eum
1644 3769 1867 3840 commendo.
1899 3762 1983 3834 Non
1999 3766 2121 3835 aderat
2134 3751 2251 3832 Chri-

212 3856 425 3892 Μ
934 3880 937 3888 ·
1073 3847 1202 3872 Μ’
1253 3855 1451 3961 stophorus
1468 3860 1610 3951 Kittel,
1634 3889 1715 3935 cum
1737 3867 1943 3937 tabellarius
1965 3879 2079 3936 vester
2102 3860 2172 3936 huc
2190 3889 2253 3934 ve-

591 3952 629 4041 Ῑ.
651 3958 801 4044 Ionae.
1254 3965 1320 4037 nit.
1373 3962 1464 4036 Iussi
1487 3966 1597 4058 igitur
1621 3991 1702 4036 eum
1721 3969 1862 4044 accersi.
1914 3967 2050 4038 interca
2066 3967 2250 4036 neminem

276 4113 299 4183 ,ιι
318 4111 355 4164 Ex
374 4111 530 4183 apographo
549 4109 643 4165 savari
664 4110 762 4166 vm
779 4126 808 4180 p.
822 4109 882 4164 964.
1255 4065 1402 4137 Senatui
1424 4084 1541 4140 vestro
1563 4068 1736 4153 indicavi;
1765 4071 1847 4140 volo
1872 4070 1968 4138 enim
1990 4070 2088 4157 prius
2103 4083 2137 4140 et
2152 4063 2251 4139 hunc

1193 4166 1195 4171 ’
1256 4155 1566 4265 Christophorum
1590 4170 1713 4240 audire
1728 4166 1766 4266 ¹).
1817 4167 1955 4241 Caeteri
1972 4164 2173 4240 Biraeases
2188 4169 2252 4263 qui

206 4263 418 4340 Reverendo
443 4266 538 4354 ciro,
565 4261 767 4338 eruditione
788 4276 820 4337 et
847 4264 978 4336 virtute
996 4265 1208 4362 praestanti
1255 4272 1384 4339 adsunt
1413 4295 1536 4340 omnes
1565 4266 1700 4342 habent
1732 4296 1796 4342 cur
1830 4272 1869 4341 in
1892 4269 2084 4343 Academia
2107 4295 2252 4342 manere

205 4367 259 4443 D.
289 4367 312 4440 I
319 4367 478 4442 ustoI
482 4393 598 4440 onae
624 4365 734 4444 Doct.
749 4364 786 4438 Τ
786 4363 902 4454 beot,
925 4364 1113 4465 Episcopo
1128 4365 1205 4438 Ec-
1255 4370 1394 4442 malint.
1453 4369 1496 4441 ln
1525 4370 1684 4443 Ecclesia
1716 4388 1878 4444 crescunt
1911 4375 2086 4466 pericula;
2129 4395 2253 4443 recens

207 4470 337 4544 etesiae
373 4469 454 4543 Dei
490 4470 530 4541 ia
565 4466 715 4541 Saliais
751 4466 953 4541 Saxonicis
986 4471 1107 4542 amico
1136 4495 1205 4543 suo
1255 4472 1351 4541 enim
1368 4474 1434 4563 legi
1451 4474 1636 4566 epistolam
1654 4464 1859 4572 Campani,
1886 4477 1946 4567 qui
1963 4490 2111 4566 vagatur
2127 4475 2165 4544 in
2185 4470 2253 4544 Iu·

166 4591 173 4598 ‘
395 4574 524 4649 cariss.
546 4566 749 4670 Philippus
770 4566 1015 4648 Melanthum
1256 4572 1413 4645 liaaeasi
1427 4577 1575 4662 ditione,
1590 4577 1629 4645 in
1645 4601 1714 4670 qua
1731 4577 1928 4665 minitatur,
1943 4602 1980 4648 se
1997 4578 2254 4650 tabefactorum

200 1361 1182 1393 mm

273 1858 380 1930 Scripta
397 1853 474 1929 publ.
491 1851 618 1908 Witteb.
638 1848 660 1908 l.
677 1868 706 1923 p.
721 1850 772 1904 169
781 1846 811 1904 b,

1322 2847 1345 2912 ⁸1·
1362 2843 1400 2898 Ea
1414 2864 1510 2921 apogr.
1524 2844 1554 2902 in
1566 2845 1629 2904 cod.
1643 2845 1728 2902 Goth.
1744 2847 1804 2902 190.
1823 2864 1848 2918 p.
1865 2847 1923 2901 121.

206 4700 250 4842 8.·
264 4719 311 4840 ,⁰⁴
345 4716 467 4837 i¹¹l²3⁰
482 4716 673 4805 E⁰⁶¹⁰⁸¹³⁰’
699 4742 805 4812 ΨΜ
821 4732 940 4837 pmgn
953 4713 1087 4840 EQ
1112 4746 1205 4816 ‘¹¹¹⁰'
1287 4791 1320 4862 s>
1336 4792 1462 4866 tneoepn
1479 4795 1560 4851 rona
1573 4796 1644 4852 stru.
1658 4797 1882 4880 postianm.
1894 4798 1922 4852 a
1942 4799 2025 4856 naa.
2039 4798 2254 4867 winebertus

207 4827 294 4894 i¹d¹e
310 4816 399 4940 mfh¹
416 4822 463 4890 ob
479 4820 600 4889 ⁰cu¹⁰⁸
615 4832 793 4905 verninse
812 4844 857 4938 0¹¹¹
875 4844 944 4915 (1¹¹³
960 4835 1028 4940 η’
1052 4846 1203 4914 Puerum
1324 4873 1437 4919 exeunte
1449 4883 1522 4919 anno
1531 4866 1606 4923 1544.
1625 4868 1708 4922 Anno
1718 4867 1792 4924 1546.
1801 4869 1895 4923 docuit
1908 4868 2079 4925 dialecticen.
2100 4869 2164 4923 vtd.
2175 4869 2255 4926 Scri.

207 4925 246 4995 in
281 4925 446 5014 aspidum
475 4943 580 5012 specu
603 4922 784 4991 sedentem
811 4936 905 4992 mter
929 4923 1067 5013 aspides
1088 4938 1203 4994 tamen
1322 4940 1368 5003 pn
1382 4933 1457 5006 pust.
1471 4932 1504 4986 Τ.
1520 4938 1544 4991 1.
1558 4953 1585 5006 p.
1601 4936 1661 4992 147.

209 5026 354 5098 servari.
404 5021 524 5094 Huius
547 5045 604 5091 me
628 5015 769 5102 εἰκόνος
791 5023 1002 5113 cogitatione
1022 5026 1206 5114 confirmo,
1288 5013 1382 5137 ‘'ll‘'
1403 5014 1525 5088 ¹⁰²¹t³¹¹²
1545 5018 1737 5073 manusueti
1757 5019 1924 5090 adruinum
1938 5032 1992 5075 ⁰¹¹²
2023 5020 2107 5075 ML·
2126 5020 2253 5089 (Maniai

398 5126 405 5144 ,
440 5126 448 5142 ,
538 5132 542 5137 ,
577 5123 586 5141 .
726 5125 735 5140 .
1346 5083 1460 5151 utheri).
1494 5085 1538 5141 De
1549 5086 1601 5143 bac
1613 5089 1733 5143 emtione
1748 5088 1803 5142 vid.
1816 5089 1895 5158 epist.
1917 5090 1951 5143 ad
1963 5089 2151 5145 Amadorfium
2167 5091 2195 5145 d.
2209 5089 2255 5145 81.

207 5142 249 5213 ut
264 5126 512 5219 tranquilliore
527 5147 647 5194 animo
661 5124 818 5217 pericula
833 5126 956 5210 seram,
977 5139 1012 5197 et
1026 5141 1204 5218 expectem
1324 5152 1391 5206 Maii
1409 5153 1486 5209 rste.

208 5230 391 5307 coelestem
408 5225 663 5319 defensionem.
714 5224 787 5297 Nec
802 5226 948 5312 dubim,
971 5227 1061 5321 quin
1075 5229 1205 5315 simill-
1289 5240 1357 5308 Μ)
1370 5242 1550 5298 Geraestum
1561 5261 1619 5299 non
1631 5241 1949 5317 descripseratBavaros,
1961 5247 2031 5302 band
2039 5245 2120 5300 dabie
2128 5246 2190 5318 qnia
2198 5264 2257 5302 non
2339 5288 2350 5313 ,

208 5334 276 5403 bus
291 5328 595 5400 consolationibus
610 5340 645 5396 te
662 5351 804 5422 quoque
819 5340 1001 5398 sustentes.
1026 5326 1118 5399 Nam
1135 5326 1204 5402 hu·
1323 5308 1534 5437 ¹5²⁸fJ2ffi¹
1574 5312 1676 5368 additi
1694 5331 1798 5368 nomen
1816 5332 1847 5367 ‘¹
1866 5315 1979 5388 epistota
1999 5317 2033 5371 ’ἀ
2052 5315 2209 5372 F²b¹¹⁶¹¹¹¹³
2225 5318 2254 5371 ἀ·
2298 5313 2301 5317 ’

207 5456 311 5503 mana
336 5455 443 5525 quam
465 5430 535 5501 siut
557 5429 697 5500 infirma
723 5430 807 5500 satis
832 5428 1043 5523 experimur.
1101 5428 1206 5507 Certe
1293 5468 1319 5534 ι)
1339 5463 1404 5523 via.
1420 5485 1467 5538 ep.
1483 5466 1516 5522 aa
1531 5464 1621 5526 Sanan
1636 5465 1761 5525 Ρῐιοοω.
1775 5468 1803 5528 t.
1820 5468 1861 5524 to.
1875 5467 1936 5529 tun.
1949 5469 2028 5529 1546.
