4882 6426
196 345 271 433 tto
392 349 397 357 ’
778 323 1220 413 nrtsronauurl
1277 333 1386 411 um.
1420 335 1470 421 x,
1523 329 1657 425 isso,
2150 291 2250 417 'seo'

196 520 326 597 animis
349 514 531 609 gliscentia
551 515 631 586 τῶν
651 500 849 611 ἡγεμόνων
871 502 936 582 καὶ
957 504 1192 604 συμβουλευ-
1242 523 1283 580 ut
1305 506 1513 604 prophetiae
1537 515 1752 608 loquuntur,
1779 529 1821 588 ut
1841 516 1880 584 in
1902 514 1955 586 ira
1977 514 2244 585 misericordiae

196 630 275 701 τῶν
288 622 527 694 considerans.
560 613 609 687 Et
624 614 827 685 confirmari
841 612 882 683 in
896 612 1038 705 templis
1053 625 1088 681 et
1101 611 1194 681 aulis
1242 635 1325 683 suae
1343 611 1372 708 ⁵)
1394 618 1611 688 recordetur.
1677 617 1718 688 Si
1749 636 1831 703 non·
1854 632 1906 688 est
1926 617 2116 688 mediocris
2139 617 2242 689 urbis

197 727 371 824 quaedam
392 722 484 791 vicia
501 718 619 804 dolui,
646 741 736 812 quae
751 728 914 808 poterant
931 714 1134 799 emendari,
1153 719 1195 782 'et
1243 730 1377 795 vestrae
1393 710 1423 812 ⁶)
1445 719 1704 812 tranquillitas,
1737 721 1839 789 valde
1857 733 1891 790 te
1906 744 1994 803 oro,
2024 734 2115 791 utet
2132 719 2243 813 sami·

198 827 379 901 emendari
400 846 538 893 necesse
560 834 645 894 erat.
697 819 766 889 Sed
786 818 974 909 praeterita
989 817 1077 910 quid
1091 839 1194 907 repe-
1243 817 1327 886 liam
1351 832 1446 899 tuam
1471 822 1516 890 ad
1537 845 1605 891 nos
1624 822 1663 890 in
1685 823 1809 891 urbem
1824 816 2001 893 Saraboth
2016 816 2045 917 ⁷)
2066 823 2243 909 traducas,

197 930 328 1023 timus?
378 924 552 997 Fortassis
566 937 602 993 et
614 916 774 1001 Macedo
789 921 917 991 abiecit
930 920 1091 991 instituta
1106 941 1194 987 con·
1243 921 1367 1013 etipse
1384 917 1453 991 huc
1471 925 1605 1004 venias,
1629 923 1686 992 vel
1703 939 1795 993 certe
1811 925 1853 993 ad
1871 925 2069 1015 principem
2085 917 2242 993 Ioaclsi-

199 1034 278 1104 silia
299 1033 342 1100 de
363 1053 448 1120 pace
473 1022 625 1120 quadam
649 1023 914 1117 desperatione,
940 1013 980 1093 εὖ
1005 1015 1113 1099 εἰδώς
1136 1014 1194 1090 ὅτι
1242 1045 1361 1109 mum,
1393 1025 1456 1116 qui
1476 1021 1567 1107 mihi
1589 1040 1748 1094 amanter
1770 1026 1903 1097 obtulit
1925 1020 2140 1117 hospitium,
2173 1048 2240 1099 nec

198 1131 370 1228 ἑκάτερος
387 1122 751 1224 asservarentur
772 1118 1028 1217 κεχάλκευται,
1056 1118 1101 1195 οὐ
1117 1139 1193 1215 pv·
1241 1125 1387 1210 dubito,
1423 1127 1511 1218 quin
1541 1141 1575 1197 te
1602 1127 1715 1197 multo
1745 1127 1915 1217 libentius
1943 1141 2153 1219 excepturos
2183 1130 2243 1199 sit.

195 1241 272 1332 χρᾷ
287 1228 420 1332 φλογί,
446 1228 569 1325 ὥσπερ
584 1225 675 1325 φησὶ
690 1223 886 1321 πίαδαρος,
913 1221 1005 1297 ἀλλὰ
1019 1217 1194 1318 πυρώδει.
1243 1224 1406 1296 Servabit
1422 1225 1519 1297 Deus
1541 1224 1719 1298 Ecclesiae
1742 1252 1825 1297 suae
1842 1226 1871 1322 ⁸)
1894 1230 2083 1322 reliquias,
2110 1231 2143 1299 si
2164 1232 2241 1301 fra-

169 1335 453 1426 'Confngiamus
485 1334 594 1422 igitur
625 1334 669 1400 ad
702 1330 977 1412 consolationes,
1020 1325 1193 1395 divinitus
1243 1325 1360 1422 ctus⁹)
1385 1322 1553 1398 illabatur
1575 1331 1683 1421 prbis.
1735 1328 1811 1400 Hac
1829 1354 1896 1400 nos
1912 1355 1973 1423 spe
1991 1345 2241 1414 sustentemus,

197 1439 412 1534 propositas,
444 1448 479 1504 et
506 1456 685 1526 speremus
714 1432 818 1500 etiam
842 1433 881 1499 in
904 1424 971 1498 hac
993 1427 1192 1499 tristissima
1243 1443 1278 1499 et
1304 1455 1378 1500 non
1412 1432 1631 1519 dubitemus,
1674 1457 1793 1502 veram
1824 1456 1897 1502 esse
1922 1435 2242 1522 vocem-divinam,

196 1531 466 1636 μητροκτονία,
500 1549 618 1605 tamen
651 1557 854 1604 mansuram
883 1555 956 1601 esse
978 1528 1047 1600 Dei
1069 1527 1193 1599 Eccle-
1243 1556 1332 1626 quae
1353 1532 1520 1619 affirmat,
1544 1535 1639 1603 inter
1661 1536 1810 1606 afflictos
1832 1530 1993 1605 habitare
2008 1532 2142 1621 Deum,
2175 1536 2243 1630 qni

199 1645 305 1728 siam,
340 1665 379 1710 ac
400 1652 578 1729 petamus,
604 1651 645 1707 ut
659 1635 756 1706 Deus
781 1635 818 1702 iri
838 1636 889 1703 ira
910 1657 974 1703 sua
988 1633 1195 1701 recordetur
1244 1650 1360 1703 tamen
1375 1633 1417 1728 ¹⁰)
1434 1622 1514 1703 euin
1528 1636 1567 1704 in
1582 1637 1762 1726 agnitione
1778 1637 1843 1705 filii
1857 1633 1893 1728 ¹¹)
1909 1637 2089 1711 invocant.
2140 1632 2242 1731 Περὶ

199 1742 473 1826 misericordiae,
495 1754 536 1810 nt
551 1739 668 1807 verbis
685 1752 764 1808 utar
779 1736 895 1804 divini
910 1735 1012 1807 vatis.
1044 1731 1093 1803 Et
1107 1756 1193 1800 con·
1242 1736 1460 1833 πλεονεξιῶν
1490 1732 1554 1808 καὶ
1580 1734 1790 1833 φιλοτιμίας
1811 1741 1958 1810 πολλῶν
1975 1735 2017 1833 ¹²)
2041 1743 2240 1831 πανταχοῦ

199 1845 411 1918 stantissime
435 1855 629 1911 statuamus
654 1864 774 1908 vocem
798 1839 864 1907 filii
879 1837 947 1906 Dei
968 1860 1087 1904 veram
1104 1857 1192 1902 esse:
1242 1839 1313 1906 mei
1338 1839 1498 1923 dolores,
1524 1864 1599 1909 non
1624 1842 1730 1925 novi,
1764 1840 1887 1909 multis
1908 1841 1985 1910 noti
2010 1855 2105 1912 sunt·
2159 1841 2239 1929 Deo

200 1945 337 2020 Omnes
355 1944 475 2035 capilli
492 1943 614 2034 capitis
631 1942 740 2011 vestri
759 1940 934 2009 numerati
953 1951 1047 2010 sunt.
1098 1934 1192 2004 lllnd
1243 1941 1455 2009 commendo
1471 1956 1506 2012 et
1520 1966 1583 2011 vos
1600 1956 1633 2013 et
1651 1957 1803 2011 nostros.
1852 1940 1950 2012 Bene
1964 1942 2054 2012 vale.
2100 1938 2105 1945 ’

200 2065 318 2121 autem
342 2052 471 2129 te‘oro,
497 2059 538 2119 ut
553 2044 582 2112 si
598 2057 712 2111 vestra
729 2043 815 2112 urbs
833 2066 908 2110 non
924 2053 975 2109 est
990 2037 1193 2130 tranquilla,
2052 2039 2120 2117 ph·
2134 2042 2190 2116 M
2244 2052 2248 2065 ¹

109 2183 123 2204 ⁸
200 2177 280 2223 cum
303 2150 439 2221 familia
461 2159 522 2216 tua
541 2141 611 2214 huc
628 2145 666 2212 in
680 2144 856 2228 coloniam
871 2157 1023 2233 vptercm
1038 2139 1195 2209 Sorabo-

199 2246 325 2346 rum*)
341 2250 472 2331 venias,
494 2262 555 2318 aut
568 2261 658 2316 certe
673 2248 717 2315 ad
735 2245 932 2337 principem
947 2238 976 2311 I
974 2235 1195 2326 oachimum,

200 2357 264 2448 qui
279 2379 359 2424 cum
375 2345 466 2447 mihi
481 2350 652 2419 obtulerit
667 2343 874 2437 hospitium,
901 2360 935 2416 te
948 2345 1062 2412 multo
1077 2343 1195 2411 liben-
1244 2376 1439 2453 Nasson
1600 2435 1606 2447 .
1844 2386 1982 2457 161)εο
2013 2385 2216 2469 (smum.)

199 2458 270 2530 tius
287 2455 445 2546 excipiet.
481 2450 553 2520 Nec
570 2451 715 2539 longum
734 2450 800 2517 iter
815 2463 885 2533 est,
911 2462 945 2518 et
961 2445 1195 2536 tranquillum
1251 2473 1423 2503 m
1803 2484 2242 2526 m

198 2583 302 2650 spero
318 2552 512 2647 hospitium
527 2554 623 2636 fore,
646 2555 759 2621 donec
773 2548 869 2620 Deus
885 2547 1022 2619 sedabit
1038 2541 1103 2616 bos
1117 2569 1195 2614 mo-
1422 2623 1427 2635 Ι
1584 2570 1648 2655 Io·
1678 2571 1872 2656 Marcell

200 2675 268 2733 tus.
312 2656 419 2739 Bene
442 2670 477 2727 et
499 2654 650 2724 feliciter
664 2654 760 2738 vale,
784 2675 824 2721 ac
843 2652 1015 2733 rescribe,
1042 2648 1099 2717 vel
1114 2647 1196 2717 veni
1899 2636 1909 2659 ⁰

199 2762 329 2854 potius.
1269 2738 1271 2741 ’
1315 2729 1338 2800 †
1356 2728 1393 2782 n.
1404 2730 1565 2803 aroararhis
1577 2730 1606 2785 in
1621 2733 2240 2808 ood.Goth.tot.p.⁵b.eteod.cosh.191.

946 2847 1146 2944 Philippus.
1347 2799 1453 2871 μω

1397 2952 1477 3040 M.
1503 2955 1744 3031 Marcello
1768 2957 2078 3058 Regiomontano.

1012 3188 1016 3203 α
1246 3087 1291 3176 S.
1316 3106 1361 3181 D.
1413 3108 1495 3180 Scio
1517 3113 1683 3184 nuntium
1703 3115 1797 3203 apud
1814 3139 1878 3183 vos
1896 3116 2019 3199 fuisse,
2043 3115 2104 3210 qui
2121 3140 2291 3217 recens„

216 3223 409 3296 N0,3663‚
946 3220 1157 3303 (endtemp.)
1248 3234 1288 3277 ex
1311 3211 1433 3278 castris
1457 3213 1556 3283 ducis
1580 3214 1754 3285 Saxoniae
1774 3218 1882 3290 venit.
1944 3217 1979 3286 ls
2001 3214 2060 3288 hic
2084 3218 2243 3289 narravit

207 3319 420 3384 Q
916 3319 1198 3350 m
1247 3305 1482 3405 εὐφημότερα
1498 3308 1554 3410 ⁴⁵),
1581 3340 1687 3407 quam
1711 3319 1830 3410 qualia
1851 3335 2018 3409 spargunt
2038 3320 2149 3388 vicini
2166 3319 2243 3390 ἐπι-

614 3406 784 3488 Είᾶθηι.
1244 3411 1470 3507 χαιρεκακοί.
1522 3417 1627 3486 Tunc
1649 3418 1687 3486 in
1712 3422 1789 3510 ripa
1803 3416 1974 3490 Necchari
1995 3423 2242 3492 amoenissima

1246 3514 1315 3583 fuit
1337 3518 1507 3586 exercitus
1528 3519 1789 3589 foederatorum
1813 3542 1886 3590 non
1909 3524 2033 3620 procul
2049 3549 2071 3593 a
2087 3549 2163 3592 mea
2180 3548 2244 3615 pa-

271 3571 347 3637 †Ex
366 3568 526 3642 apographis
546 3566 824 3622 incod.Gotb.401.
842 3566 966 3637 p.10b.,
989 3566 1035 3620 ubi
1054 3586 1083 3620 ex
1104 3585 1199 3620 errore
1283 3617 1291 3632 ,
1552 3621 1561 3637 ‚
1623 3623 1632 3638 ,
1704 3624 1712 3638 ,
1966 3622 1968 3627 ,

305 3640 417 3710 epistola
437 3637 596 3692 inscribitur
616 3638 739 3700 casparo
762 3636 924 3703 Crucigero,
950 3637 1018 3690 etin
1034 3636 1094 3691 cod.
1113 3637 1198 3717 Lanq.
1248 3629 1337 3701 lrla,
1364 3642 1443 3687 cum
1458 3635 1606 3690 ntlnlllls
1622 3637 1688 3691 1101·
1702 3645 1879 3710 ingressus
1897 3638 1959 3694 esi·
1992 3624 2099 3713 Quod
2115 3625 2145 3693 Si
2161 3648 2243 3717 pet·

306 3705 1199 3842 aat..tt³.a:aai‚·¹ul⁵tatta-taaait..⁸.:t¹e·:
1247 3719 1353 3807 ...a
1387 3720 1456 3788 iam
1480 3720 1654 3791 Monam
1674 3724 1948 3795 francofordiae
1972 3729 2155 3796 traductus
2179 3741 2242 3800 ess

253 3862 259 3871 ·
306 3846 388 3899 alium
405 3845 536 3898 nuncium
551 3843 725 3924 mittendam,
752 3851 781 3894 ut
793 3841 814 3893 si
831 3794 912 3896 aitera
926 3843 1060 3911 periisset,
1078 3842 1144 3895 haec
1156 3851 1197 3893 ta·
1248 3816 1301 3888 AC
1326 3823 1474 3891 [1111111118
1498 3839 1590 3895 recia
1608 3825 1743 3894 Ducem
1759 3825 1932 3896 saxoniae
1950 3828 1988 3895 in
2004 3824 2243 3919 Thuringiam

306 3934 368 3968 men
383 3913 416 3967 ad
433 3915 623 3966 Camertinum
640 3913 814 3983 perferretur.
995 4005 1002 4016 ἱ
1248 3921 1377 3990 ducere
1396 3925 1584 3994 exercitum
1612 3928 1739 4000 aiebat·
1805 3928 1920 3998 Deum
1942 3943 2145 4013 aeternum,
2179 3955 2243 4022 1²³·

204 4064 429 4145 Clarissimo
446 4080 477 4140 et
494 4066 703 4138 doctissimo
720 4067 797 4137 viro
813 4064 928 4142 Dom.
954 4064 983 4137 Ι
988 4061 1199 4138 oachimo
1245 4034 1339 4141 ‘inii'
1361 4026 1499 4094 d⁰m¹⁰¹
1519 4041 1633 4096 ”⁰⁵³¹
1658 4028 1684 4096 Ι·
1701 4026 1741 4098 C·
1763 4053 1845 4114 ⁰r⁰’
1871 4045 1911 4099 ω
1934 4055 1999 4099 ¹¹⁰⁵
2023 4032 2189 4123 mpidat
2209 4047 2244 4102 ‘t

328 4162 624 4251 camerario„
650 4164 1080 4263 amicoswcbarissq
1251 4140 1385 4261 mrtqut
1407 4152 1555 4219 poenas,
1596 4154 1677 4199 cum
1702 4131 2245 4252 admirandofoedereecopula-

1249 4241 1304 4297 tae
1366 4225 1380 4321 )
1404 4244 1549 4299 naturae
1567 4227 1742 4302 humanae
1758 4245 1837 4302 cum
1855 4237 1976 4303 drvma
1993 4260 2030 4303 rn
2047 4235 2121 4304 lilio
2137 4250 2244 4306 testa·

205 4304 248 4396 S.
275 4323 321 4394 D.
371 4320 532 4393 Omnino
560 4323 678 4393 fatalis
701 4335 753 4391 est
777 4346 891 4413 poena
916 4317 1000 4392 haec
1024 4346 1201 4419 ytyut‘co-
1250 4342 1305 4397 tus
1331 4329 1395 4410 sit,
1430 4355 1511 4400 vere
1532 4357 1686 4402 nosase
1701 4334 1812 4424 diligi.
1864 4333 2246 4407 Reducatetiamfeli·

204 4421 343 4521 μαχία,
384 4450 424 4494 ac
456 4439 605 4494 caeteras
640 4448 760 4493 causas
793 4448 960 4517 quaerere
986 4425 1198 4496 desinamus.
1249 4424 1427 4529 citerm)
1443 4431 1646 4525 Principem
1662 4434 1862 4506 Electorem
1879 4451 1914 4507 et
1927 4439 2096 4529 reprimat
2115 4434 2247 4516 hostes.

206 4527 374 4599 Arbitror
396 4541 430 4595 et
448 4521 688 4595 Macedonem
712 4528 956 4617 desperatione
979 4528 1075 4616 pacis
1097 4526 1200 4596 insti-

100 4646 104 4655 “
206 4643 280 4701 tuta
296 4630 443 4698 consilia
459 4629 632 4711 omittere,
657 4629 858 4718 praesertim
874 4653 954 4698 cum
969 4628 1153 4720 utriusque
1168 4623 1198 4718 ²)
1284 4648 1310 4719 5)
1331 4670 1400 4706 suae
1414 4654 1487 4707 abac
1503 4674 1516 4708 a
1532 4655 1593 4709 eod.
1608 4655 1690 4725 Lm,

207 4732 303 4802 norit
313 4726 341 4826 ³)
362 4724 585 4804 αὐθάδειαν.
619 4727 874 4819 Confugiamus
890 4731 998 4819 igitur
1012 4727 1042 4822 ⁴)
1060 4734 1104 4798 ad
1120 4753 1200 4798 coe·
1282 4738 1310 4805 6)
1330 4741 1406 4791 urba
1421 4749 1499 4808 oeae]
1514 4743 1576 4794 eod.
1592 4741 1670 4812 tang.
1685 4743 1761 4794 eous
1773 4751 1877 4796 neena.
1894 4769 1929 4782 -
1946 4740 2083 4815 Loquitur
2095 4743 2129 4799 de
2143 4741 2249 4819 dipsis.

206 4832 292 4902 leste
323 4832 517 4916 auxilium,
557 4857 596 4901 ac
622 4856 641 4900 a
667 4830 743 4902 Deo
770 4846 911 4902 aeterno
937 4846 1035 4924 patre
1062 4831 1201 4900 domini
1282 4824 1310 4891 ⁷)
1328 4822 1347 4881 ἶ·
1362 4824 1510 4883 “²⁹⁶st
1531 4852 1563 4866 ··
1601 4826 1669 4879 tzod.
1682 4827 1764 4897 1³⁰8·
1780 4821 1967 4882 Siracorum.

207 4935 319 5005 nostri
343 4931 370 5002 1.
387 4930 428 5006 C.
450 4933 706 5023 mitigationem
727 4958 924 5027 poenarum
945 4946 1123 5025 petamus,
1155 4945 1201 5018 et,
1280 4910 1313 5060 ξ)
1327 4910 1573 5062 ξζῖαῗέεῐῧοθέἓ
1585 4912 1823 5065 {2:⁸³25h11'2221·

207 5088 426 5105 '’⁸'‘-
894 5146 898 5155 ,
1287 5081 1329 5148 10)
1352 5088 1461 5147 tamen]
1479 5082 1540 5136 cod.
1555 5082 1637 5136 Goth.
1653 5085 1712 5136 sot.
1727 5092 1799 5136 tran.

240 5176 269 5249 ¹¹¹)
287 5179 451 5233 Servestam.
681 5183 690 5193 ‘
1094 5187 1098 5197 ·
1285 5168 1333 5230 11)
1352 5165 1419 5223 Cod.
1436 5168 1521 5239 Lang.
1530 5169 1589 5237 filii
1601 5169 1665 5223 Dei.

226 5294 227 5298 =
243 5267 269 5332 1)
285 5262 429 5333 inscriptio
443 5258 472 5310 in
485 5257 546 5310 cod.
561 5256 644 5325 lang.
1289 5249 1331 5317 12)
1349 5253 1462 5306 πολλῶν
1475 5254 1549 5307 abest
1561 5272 1576 5305 a
1588 5253 1651 5307 cod.
1667 5253 1751 5323 Lang.

240 5348 272 5410 2)
288 5347 306 5401 i.
319 5364 344 5398 e.
358 5341 466 5401 loannis
478 5338 626 5400 Frideriei‚
646 5337 796 5406 dilectoris,
815 5349 841 5394 et
854 5337 993 5403 Mauritii,
1012 5339 1109 5394 Ducis.
1286 5334 1317 5398 *1
1335 5335 1403 5390 cod.
1421 5338 1505 5393 Goth.
1520 5333 1596 5393 tot:
1616 5338 1813 5412 συφημότερα,
1834 5341 1976 5396 mendose.

242 5433 269 5503 8}
291 5432 360 5489 Cod.
373 5429 457 5499 Lang.
473 5435 568 5480 ιιοται.
1286 5419 1336 5486 **)
1354 5426 1501 5485 copulatae
1514 5424 1588 5478 abest
1602 5442 1618 5477 a
1630 5427 1694 5481 cod·
1708 5424 1791 5481 Goth.
1803 5426 1865 5480 tot.

243 5517 270 5587 1)
289 5514 375 5582 iniisse
386 5513 461 5565 abest
474 5528 488 5564 s
502 5508 564 5565 cod.
576 5507 664 5579 ung.
1078 5560 1087 5577 Ι
1288 5505 1357 5576 ***)
1379 5507 1448 5564 Cod.
1461 5508 1544 5565 Goth.
1562 5512 1620 5567 191.
1631 5509 1719 5566 addin
1737 5513 1915 5566 incolumem.
