4882 6426
912 316 1346 397 EPISTULARUM
1402 319 1511 401 LIB.
1541 319 1589 401 Χ.
1640 315 1773 400 1617.

327 332 407 406 sot
2296 321 2381 398 868

331 500 452 591 aliqua
473 491 669 581 Ecclesiae,
706 509 749 568 ut
769 489 912 566 Christo
932 491 1090 563 nascenti
1113 485 1238 587 φάτνη
1261 484 1326 562 καὶ
1378 492 1590 564 tumultibus
1613 503 1688 563 toto
1704 485 1774 563 hoc
1790 514 1886 563 anno
1900 485 2132 581 Noribergam
2147 495 2224 563 ndu
2240 495 2377 584 poterit

330 593 546 698 σπάργανα.-
595 597 672 668 Hac
691 610 732 668 ut
753 596 965 686 cogitatione
986 606 1089 666 tuum
1109 594 1245 665 luctum
1261 593 1329 663 ali·
1377 590 1570 666 transvehi.
1630 589 1717 662 ldeo
1747 594 1850 686 quasi
1879 586 2178 711 divinanoiroiyxp
2204 595 2271 664 alia
2296 595 2376 667 loca

330 725 403 794 qua
429 725 471 769 ex
492 712 591 790 parte
609 700 721 783 leves,
747 709 781 767 te
799 692 981 782 adhortor.
1032 694 1114 765 Non
1138 694 1234 764 enim
1252 693 1328 764 vult
1378 695 1477 765 adire
1490 692 1634 785 cogeris.
1673 691 1793 763 Habes
1808 693 1880 763 mei
1894 695 2035 764 consalu
2051 716 2238 769 summam.
2276 692 2376 768 Deus

331 825 402 872 nos
415 798 511 871 Deus
528 799 755 870 succumbere
770 797 936 870 moerori.

1377 797 1552 886 gubernet
1566 809 1663 866 tuam
1677 806 1851 880 mentem,
1875 809 1917 864 ut
1935 795 2060 883 eligas,
2084 798 2179 886 quod
2197 808 2233 865 et
2248 791 2377 869 Eccle-

437 900 544 989 Quod
564 902 609 969 de
626 895 784 968 historiis
801 899 926 969 vestris
942 892 1036 965 nihil
1052 898 1094 964 ad
1114 920 1170 963 me
1184 896 1328 988 scripsi·
1376 897 1448 968 siae
1464 912 1498 968 et
1512 897 1580 968 tihi
1593 894 1661 968 erit
1675 895 1915 967 utilissimum.
1952 893 1995 968 Β.
2012 893 2056 968 V.
2087 892 2157 964 Die
2170 900 2231 970 21.
2248 895 2324 974 lan.

334 1002 393 1087 sti,
416 1018 450 1072 et
464 1001 598 1071 doloris
611 1000 856 1089 magnitudine
871 1013 903 1069 te
918 998 1129 1089 impeditum
1144 1020 1217 1066 esse
1232 996 1328 1067 iudi-

332 1128 398 1187 co,
426 1117 461 1173 et
482 1103 768 1193 significabantur
789 1101 910 1171 omnia
933 1124 974 1169 er
992 1097 1199 1188 Noriberga.
1249 1093 1328 1168 Etsi

295 1208 300 1215 ’
333 1228 399 1295 ego
416 1204 559 1297 quidem
573 1199 617 1274 τὸ
629 1198 749 1297 ἐκβὰν
762 1202 832 1270 iam
846 1214 948 1271 antea
961 1199 1002 1271 ἐν
1012 1194 1146 1295 ὀνείρῳ
1158 1199 1329 1284 videram,

333 1318 376 1377 ut
391 1306 495 1376 multi
511 1319 655 1377 norunt.
707 1303 820 1373 Deum
838 1303 944 1371 etiam
962 1324 1115 1385 oremus,
1140 1315 1181 1371 ut
1197 1322 1328 1393 poenas

333 1407 491 1496 mitiget,
519 1406 581 1497 qui
604 1404 748 1496 quidem
770 1403 876 1473 etiam
892 1404 1095 1473 consolatur
1111 1425 1194 1486 nos,
1217 1426 1257 1472 ac
1276 1415 1331 1470 tc-

330 1521 467 1591 statur,
498 1528 595 1574 nunc
610 1505 744 1574 Filium
767 1526 869 1573 snum
894 1504 1062 1573 dimicare
1080 1527 1144 1594 pro
1162 1501 1331 1597 Ecclesia,

298 1679 308 1687 ,
333 1630 402 1675 nec
420 1607 581 1699 quintam
598 1601 847 1674 Monarchiam
862 1605 1018 1675 futuram
1036 1627 1121 1673 csse.
1160 1602 1230 1673 Sed
1245 1598 1331 1672 hacc

336 1708 434 1780 alias.
487 1697 640 1776 Gratum
660 1702 750 1773 mihi
764 1705 888 1788 facies,
913 1706 944 1775 si
958 1705 1095 1795 saepius
1111 1704 1156 1774 ad
1172 1727 1229 1772 me
1245 1703 1332 1773 scri-

331 1809 407 1880 bes.
458 1805 555 1877 Bene
574 1808 659 1879 vale.
711 1804 778 1875 Die
798 1807 854 1880 19.
872 1804 1040 1878 Ianuarii.

1081 1901 1281 1997 Philippus.

336 2110 538 2122 ’.ι-*-

357 2228 425 2303 No.
440 2229 554 2303 8711.

338 2325 540 2356 m

975 2241 1033 2302 21.
1048 2229 1112 2295 len.
1136 2230 1334 2312 (Servesne.)

983 2325 1308 2360 „m

718 2423 768 2515 G.
796 2427 968 2516 Maiori.

434 2590 521 2660 epra.
540 2588 588 2645 aa.
602 2588 636 2643 ν.
654 2607 682 2660 p.
694 2589 818 2660 sassqq.

414 2757 620 2856 Georgio
645 2757 831 2831 Maiori
858 2768 952 2856 (tum
970 2754 1257 2863 allogdebarrgi.)

335 2890 382 2983 S.
411 2910 456 2983 D.
506 2910 610 2981 Nosti
633 2910 721 2979 illud
748 2925 866 2994 vetus,
897 2936 1030 2983 sacram
1056 2940 1128 2984 rem
1153 2941 1224 2986 esse
1248 2942 1335 2987 con-

335 3013 478 3094 silium,
507 3035 616 3104 quare
638 3011 791 3102 simplici
805 3013 925 3082 animo
942 3027 977 3083 et
997 3015 1090 3085 hona
1105 3020 1334 3104 conscientia,

336 3116 433 3208 quod
458 3108 549 3179 mihi
571 3113 687 3182 visum
711 3125 763 3182 est
784 3114 828 3182 de
846 3127 905 3183 tua
921 3115 1195 3203 deliberatione,
1223 3120 1335 3210 signi-

334 3215 460 3286 ficabo.
512 3209 648 3296 Cr'edo,
682 3225 716 3280 te
739 3236 813 3281 non
837 3215 991 3284 libenter
1016 3219 1174 3287 deserere
1195 3215 1335 3290 Acade-

335 3314 464 3392 miam,
488 3324 603 3400 elego
619 3326 654 3380 te
671 3313 843 3402 optarim,
869 3315 1012 3384 retineri
1029 3342 1149 3409 posse,
1176 3345 1215 3389 ac
1231 3319 1334 3411 pror-

333 3438 395 3484 sus
411 3414 634 3482 decreveram
650 3414 695 3481 de
711 3405 816 3482 nohis
830 3415 997 3484 omnibus
1016 3440 1118 3507 agere
1130 3444 1209 3489 cum
1226 3419 1333 3490 Prin-

336 3517 424 3606 cipe,
452 3525 639 3607 postquam
653 3512 815 3606 Lipsicae
832 3516 1029 3587 obsidionis
1046 3521 1178 3590 exitum
1195 3522 1332 3592 felicem

332 3616 517 3686 vidissem.
583 3613 653 3685 Sed
690 3617 789 3683 vides
816 3641 952 3701 moras,
986 3633 1021 3689 et
1040 3614 1175 3690 interea
1197 3618 1332 3695 hostem

336 3716 556 3798 confirmari,
582 3729 618 3786 et
636 3738 794 3786 crescere
819 3718 968 3803 bellum,
995 3733 1092 3814 tanq.
1115 3721 1332 3808 incendium,

333 3820 525 3889 cernimus.
579 3814 632 3885 Te
655 3816 764 3906 igitur
785 3814 973 3905 adhortor,
999 3836 1040 3891 ut
1064 3824 1168 3913 plane
1189 3838 1332 3907 statuas,

336 3932 419 3989 utro
443 3917 479 3983 in
498 3917 576 3984 loco
593 3938 667 3985 esse
683 3919 794 3989 malis.
846 3917 1125 4011 Norihergaene,
1151 3948 1197 3992 an
1212 3923 1331 3995 Wra-

333 4017 520 4090 tislaviae?
578 4015 654 4084 lmo
684 4023 727 4085 de
749 4012 962 4091 Norahusia
985 4019 1092 4091 hodie
1118 4048 1172 4092 res
1195 4026 1329 4116 integra

331 4134 399 4190 est.
453 4116 611 4201 Deinde,
640 4119 674 4186 si
692 4116 967 4189 Wratislaviam
989 4127 1161 4193 anteferes
1186 4129 1329 4197 caeteris

334 4221 439 4302 locis,
466 4213 534 4286 hoc
548 4233 662 4307 petas,
686 4235 728 4288 nt
745 4222 789 4289 ab
805 4218 966 4291 Electore
984 4224 1134 4295 Senatus
1150 4241 1264 4318 petat,
1289 4244 1331 4299 ut

323 4323 404 4394 ·tibi
432 4321 620 4398 concedat,
652 4334 691 4390 ut
714 4319 892 4390 Ecclesiae
924 4325 963 4391 in
987 4327 1075 4395 urbe
1098 4351 1159 4396 sua
1188 4331 1330 4401 servias.

266 4476 271 4486 .
337 4422 447 4506 Nam,
481 4423 578 4512 quod
607 4421 647 4488 in
678 4416 737 4491 his
765 4423 896 4506 literis,
926 4450 1012 4519 quas
1035 4431 1078 4496 ad
1103 4424 1328 4500 Moibunum

332 4521 524 4614 scripsisti,
549 4522 706 4610 geminas
728 4525 951 4595 conditiones
970 4529 1089 4614 affers,
1114 4545 1154 4602 ut
1174 4534 1331 4603 scribant

337 4628 389 4695 ad-
404 4622 605 4694 Electorem
623 4637 661 4692 et
683 4626 726 4692 ad
749 4624 919 4717 Senatum
937 4626 1250 4721 Noribergcnsem,
1276 4635 1330 4702 vi-

332 4729 443 4796 detur
466 4725 683 4794 indecorum.
735 4724 773 4796 Si
798 4726 911 4816 placet
928 4727 1186 4818 Wratislavia,
1210 4749 1330 4804 noste

336 4823 602 4897 facileSenatui
615 4823 864 4916 Noriborgensi
883 4832 1145 4916 excusabimus,
1167 4840 1329 4905 nondum

336 4930 433 5000 euim
458 4926 531 4993 illis
553 4926 741 5017 quicquam
763 4930 969 5017 promisisti.
1032 4929 1081 5002 Et
1103 4931 1146 5008 V
1142 4933 1194 5006 ato
1215 4961 1330 5026 nuper

337 5031 387 5100 ita
401 5028 536 5119 scripsi,
562 5028 607 5095 de
621 5040 681 5097 tuo
696 5030 838 5118 negotio
855 5055 921 5098 nos
934 5033 1126 5124 scripturos
1138 5060 1223 5120 esse,
1247 5062 1327 5107 cum

337 5154 409 5201 una
423 5130 571 5211 erimus,
596 5151 658 5216 ego
675 5143 710 5198 et
722 5144 772 5202 tu.
825 5127 969 5201 Adhibe
986 5134 1023 5202 in
1041 5138 1227 5214 consilium
1242 5134 1330 5207 Mi-

338 5223 505 5302 lichiam.
555 5227 645 5296 Nam
656 5251 723 5320 ego
738 5230 778 5299 in
792 5224 857 5301 hac
874 5236 1048 5307 sententia
1065 5259 1164 5322 sum,
1190 5253 1223 5308 te
1236 5252 1330 5311 recte

336 5335 525 5412 iacturum,
542 5330 571 5396 si
586 5329 642 5398 cui
657 5328 833 5400 Ecclesiae
848 5358 991 5424 operam
1007 5338 1201 5428 promittes.
1227 5339 1330 5412 Nunc

336 5434 501 5516 statuito,
527 5453 633 5522 quam
651 5435 833 5505 anteferas.
884 5432 1056 5508 Fortassis
1072 5439 1205 5512 familia
1222 5443 1260 5512 in
1274 5435 1331 5511 his

1837 990 2027 1088 Philippus
2045 994 2273 1075 Melanthon.

1390 1289 1456 1361 No.
1480 1290 1592 1367 3712.

1379 1388 1591 1429 Μ

1706 1442 1771 1529 Io.
1784 1439 2045 1550 Aurifabro.

1449 1599 1697 1742 ’slllptlsppggpphis
1718 1603 1748 1658 in
1768 1605 1849 1662 codd.
1863 1603 2007 1662 Gotbanis.
2027 1605 2080 1662 No.
2093 1606 2154 1662 212
2172 1626 2198 1680 p.
2210 1606 2254 1662 91.
2273 1617 2300 1664 ct
2320 1609 2375 1669 No.

1552 1819 1616 1900 M.
1643 1806 1859 1896 Iohanni
1879 1823 2199 1925 Aurifabro').

1382 1947 1580 2042 Carissime
1609 1987 1643 2043 et
1673 1973 1873 2045 doctissime
1896 1970 2083 2047 lohannes.
2139 1973 2189 2046 Ut
2213 2002 2375 2074 quaeque

1382 2087 1508 2143 natura
1524 2088 1575 2144 est
1591 2076 1744 2165 optima,
1777 2077 1825 2145 ita
1841 2076 1993 2143 maxime
2008 2098 2104 2144 acres
2126 2089 2243 2147 motus
2268 2076 2374 2152 habet

1381 2177 1445 2265 τῆς
1465 2172 1738 2273 φιλοστοργίας.
1792 2174 1912 2263 Quare
1936 2200 2009 2243 non
2030 2177 2172 2260 dubito,
2206 2191 2240 2248 et
2260 2176 2374 2251 hone·

1381 2275 1553 2344 stissimae
1577 2278 1719 2366 coniugi
1743 2290 1822 2346 tuae
1846 2289 1995 2345 mortem
2013 2278 2123 2366 patris
2141 2274 2168 2372 ²)
2192 2279 2371 2370 ingentem

1382 2377 1541 2445 dolorem
1560 2377 1747 2447 allaturam
1763 2401 1866 2462 esses
1880 2390 1964 2447 etde
1980 2378 2082 2447 valde
2097 2379 2207 2470 ipsius
2225 2383 2322 2453 luctu
2339 2398 2372 2455 et

1382 2489 1441 2545 tua
1458 2476 1608 2547 orbitate
1623 2479 1823 2550 excruciari.
1875 2476 1943 2549 Sed
1960 2491 1994 2547 te
2007 2503 2089 2558 oro,
2113 2495 2152 2549 ut
2166 2481 2264 2551 illam
2282 2487 2370 2554 celes

1382 2592 1532 2647 mortem
1549 2581 1656 2668 patris
1667 2576 1695 2674 ³)
1708 2581 1818 2648 donec
1833 2581 2019 2670 pepererit,
2045 2596 2079 2651 et
2095 2594 2196 2649 tuum
2213 2585 2372 2655 animum

1382 2679 1474 2746 veris
1492 2681 1793 2751 consolationibus
1815 2682 1937 2769 erigas.
1989 2680 2187 2751 Meministi
2210 2686 2372 2756 dulcissi-

1382 2804 1475 2847 mam
1497 2777 1622 2849 Esaiae
1645 2805 1786 2865 vocem,
1827 2783 2035 2870 gratulantis
2064 2783 2217 2875 quietem
2234 2782 2267 2879 ⁴)
2292 2789 2371 2878 piis,

1383 2905 1462 2950 cum
1479 2881 1545 2961 ait,
1573 2906 1631 2952 eos
1647 2883 1801 2974 praeripi
1814 2884 2021 2976 tristissimis
2031 2887 2237 2975 spectaculis
2253 2890 2372 2978 publi·

1382 3005 1501 3051 earum
1526 2984 1784 3068 calamitatum,
1827 2985 1995 3078 iubetque
2024 3009 2082 3055 eos
2109 2987 2147 3054 iu
2174 2989 2285 3058 cubili
2307 3014 2371 3060 suo

1383 3083 1539 3152 suaviter
1570 3086 1748 3177 quiescere
1779 3098 1814 3154 et
1854 3100 2035 3176 expectare
2071 3092 2373 3162 resurrectionem.

1382 3181 1521 3254 Rursus
1535 3184 1595 3253 ille
1611 3199 1645 3255 te
1662 3201 1694 3255 et
1716 3185 1824 3254 filiam
1839 3183 1866 3282 ⁸)
1891 3202 1924 3257 et
1941 3200 2090 3257 vostram
2106 3189 2252 3259 filiolam
2276 3218 2381 3280 com·¹

1382 3285 1556 3376 plectetur
1575 3302 1608 3357 et
1629 3287 1841 3355 dulcissimis
1861 3289 2028 3356 suaviolis
2050 3312 2112 3358 vos
2137 3293 2285 3383 excipiet
2308 3294 2372 3365 ali-

1383 3399 1515 3477 quanto
1534 3402 1622 3477 post.
1673 3385 1762 3457 Eius
1784 3391 1952 3478 temporis
1973 3391 2182 3479 cogitatione
2199 3418 2264 3463 nos
2282 3419 2300 3464 a
2317 3396 2373 3465 lu-

1383 3499 1440 3556 ctu
1463 3487 1688 3560 abducamus.
1740 3485 1835 3576 Ego,
1863 3491 1927 3558 etsi
1950 3491 2008 3559 vix
2031 3517 2048 3559 a
2074 3510 2264 3585 conspectu
2288 3497 2370 3566 belli

1383 3587 1504 3657 oculos
1522 3589 1704 3660 deflectere
1718 3613 1881 3679 possum,
1907 3605 2024 3660 tamen
2045 3596 2151 3662 etiam
2166 3620 2263 3665 nunc
2278 3612 2372 3668 vete-

1383 3711 1457 3757 rem
1477 3702 1635 3758 nostram
1657 3692 1948 3761 consuetudinem
1978 3694 2217 3764 dulcissimam
2242 3710 2277 3767 et
2299 3720 2373 3769 ser-

1380 3791 1498 3857 monis
1516 3792 1639 3881 plenos
1656 3793 1846 3882 sapientiae
1863 3789 2093 3881 christianae,
2118 3821 2207 3889 quos
2219 3791 2374 3871 habehat

1380 3889 1419 3957 in
1442 3904 1620 3961 conventu
1639 3890 1892 3963 Ratisbonensi
1915 3898 2100 3976 recordor,
2120 3922 2173 3983 ⁴ac
2196 3901 2372 3972 desiderio

1382 3988 1498 4085 eius‘’)
1524 3995 1625 4062 valde
1651 3995 1794 4067 afficior.
1846 3994 1915 4065 Sed
1941 3997 2039 4065 brevi
2062 4022 2127 4067 nos
2146 4000 2375 4072 futurosesse

1381 4093 1454 4161 scio
1477 4118 1551 4161 non
1572 4095 1609 4163 in
1632 4107 1866 4188 tyrannorum
1883 4112 2071 4183 conventu,
2093 4102 2153 4168 sed
2175 4101 2375 4176 incoelesti

1381 4196 1645 4268 consuetudine.
1678 4194 1718 4263 B.
1745 4195 1789 4270 V.
1841 4190 2002 4291 Georgia
2019 4195 2051 4293 ³)
2077 4203 2217 4293 scripsi,
2252 4219 2293 4275 ut
2317 4230 2375 4276 re-

1382 4298 1552 4385 spondeat
1568 4291 1779 4389 ὃιαῤῥηδήν.
1806 4296 1962 4368 Salutem
1978 4317 2062 4391 opto
2076 4304 2206 4372 clariss.
2215 4301 2260 4377 D.
2271 4305 2376 4407 Hos-

1381 4418 1530 4467 manno.
1570 4395 1651 4472 Dat.
1667 4398 1848 4470 Servestae
1862 4403 1923 4474 21.
1944 4400 2121 4490 Ianuarii,
2145 4428 2241 4474 anno
2262 4406 2375 4483 1547.

2223 1312 2284 1372 tt.
2306 1300 2372 1368 Ian.

1417 4621 1445 4681 1)
1464 4617 1528 4672 Erat
1540 4617 1588 4671 illo
1607 4627 1733 4690 tempore
1754 4619 1796 4676 lo.
1811 4621 1958 4677 tlnriiaber
1977 4622 2064 4678 lector
2084 4625 2112 4678 in
2128 4627 2210 4685 Acad.
2231 4628 2378 4695 Witteb..

1449 4699 1475 4740 et
1487 4687 1569 4740 simol
1586 4707 1647 4742 cum
1660 4689 1794 4743 Marcello
1811 4703 1837 4743 et
1852 4691 1973 4762 Georgia
1986 4692 2092 4749 Maiore
2105 4714 2133 4749 se
2145 4710 2284 4769 receperat
2291 4702 2378 4775 Meg·

1448 4757 1610 4827 deburgum.
1639 4757 1702 4810 Vid.
1718 4776 1761 4827 ep.
1776 4758 1808 4812 sd
1822 4759 1957 4814 Maiorem
1971 4762 1999 4814 d.
2013 4762 2058 4818 26.
2073 4764 2131 4817 lan.
2146 4763 2174 4821 h.
2188 4784 2213 4820 ι.

1413 4837 1441 4909 2)
1463 4838 1531 4893 cot.
1545 4838 1626 4894 Goth.
1643 4841 1701 4894 191.
1720 4843 1831 4897 marrata.
1864 4843 1917 4895 Sed
1939 4844 1965 4898 lo
1986 4846 2062 4898 uitur
2077 4846 2110 4900 de
2130 4858 2218 4902 morte
2232 4850 2273 4908 lo.
2285 4853 2375 4924 Hessi,

1448 4908 1533 5034 {apios²
1540 4909 1593 4962 fitis
1607 4918 1664 4963 erat
1683 4910 1781 4964 coniux
1796 4912 1945 4968 Aurilabri.
1999 4915 2037 4969 id.
2053 4934 2095 4987 ep.
2106 4918 2142 4970 ad
2158 4917 2328 4977 Kiudlerum
2349 4928 2376 4982 d.

1486 5019 1492 5033 .
1536 4995 1562 5030 n.
2314 5037 2319 5045 .

1412 5059 1441 5126 8)
1456 5063 1548 5124 patris
1560 5061 1744 5133 praetermisit
1757 5063 1819 5118 cod.
1832 5066 1917 5122 Goth.
1935 5067 1991 5123 191.

1413 5144 1444 5209 1)
1462 5147 1597 5213 quietem]
1610 5148 1673 5201 eod.
1688 5149 1773 5203 Goth.
1788 5150 1845 5207 191.
1857 5155 2004 5218 pietatem.

1414 5228 1443 5294 5)
1454 5229 1562 5297 filiam]
1576 5229 1638 5285 cod.
1654 5230 1740 5289 Goth.
1759 5233 1816 5290 191.
1827 5237 1934 5305 fidiam.

1414 5313 1443 5380 6)
1463 5316 1535 5376 eius]
1552 5313 1615 5367 cod·
1629 5314 1713 5370 Goth.
1727 5317 1786 5371 191.
1800 5321 1896 5384 ipsius.

1414 5398 1444 5466 7)
1462 5399 1582 5469 Georgia
1604 5398 1716 5454 Maiori.
1741 5401 1804 5457 Vid.
1824 5424 1867 5476 ep.
1886 5407 1919 5461 sd
1939 5407 2057 5463 eunden
2074 5408 2100 5463 d.
2118 5408 2148 5464 d.
2163 5409 2208 5467 st.
2222 5413 2282 5473 len.
2295 5426 2327 5474 et
2345 5419 2381 5476 sd

1448 5467 1608 5521 Kindlerum
1623 5467 1650 5522 d.
1663 5470 1744 5526 «125.
1761 5471 1817 5527 lan.
