4882 6426
87 2532 96 2555 ‘
201 2510 296 2581 enim
321 2535 420 2592 eum,
445 2534 518 2579 non
539 2512 675 2592 solum,
701 2527 741 2583 ut
757 2512 844 2581 olim
859 2513 1061 2597 dicebatur,
1081 2529 1122 2583 ut
1138 2538 1195 2581 me

204 318 282 393 868
359 314 364 324 ’
811 312 1250 397 urtsroutttust
1311 317 1654 397 LIRthti.
1825 304 1837 328 ⁸
2162 314 2241 391 364

207 489 273 583 qui
295 506 439 581 prorsus
454 485 608 563 Turrico
633 510 733 559 mure
743 489 892 578 grassati
907 499 992 559 sunt
1008 489 1047 557 in
1065 484 1132 559 hac
1146 489 1201 569 ri-
1249 488 1321 561 Sed
1355 503 1390 561 te
1418 514 1483 561 uro
1515 488 1688 583 primum,
1725 500 1767 559 ut
1794 485 1965 558 rescribas
1991 487 2038 557 ad
2063 484 2245 559 Batonem

207 588 311 662 cinis.
362 588 434 659 Sed
453 586 551 661 Dens
576 604 757 675 aeterum,
787 587 893 659 Pater
914 588 1064 659 Domini
1086 591 1201 661 nostri
1248 591 1375 680 ipsum.
1425 588 1528 660 Hanc
1553 615 1627 661 rem
1649 591 1678 659 si
1702 590 1805 659 nobis
1830 603 1922 658 recte
1937 591 2132 673 curaveris,
2155 614 2245 680 pro-
2329 663 2332 668 ,

207 686 288 759 lesu
301 684 453 775 Christi,
483 714 550 760 nos
571 692 676 776 texit,
709 703 749 765 ut
766 685 942 783 Solymus
958 692 1108 782 depulso
1129 687 1200 763 As-
1247 694 1349 765 mitto
1369 687 1599 786 ἅντίδωρον,
1626 693 1695 761 tibi
1709 715 1767 777 rue
1780 703 2021 782 perterturum
2037 713 2111 759 esse
2124 713 2244 762 anno-

206 791 312 886 syrio.
363 792 406 861 Id
430 793 640 863 beneficium
659 815 907 882 agnoscamus,
941 805 977 861 et
996 794 1087 882 grati
1108 788 1199 863 cele·
1246 796 1418 875 tationes,
1443 817 1531 885 quas
1554 786 1801 863 inchoavimus
1825 793 1864 861 iu
1886 791 2037 881 primam
2056 792 2244 882 epistolam

202 894 359 976 memus,
384 917 424 963 ae
439 895 605 963 ardenter
621 916 773 980 oremus,
797 907 840 966 ut
853 894 1017 984 deinceps
1031 917 1096 964 nos
1111 917 1200 986 pru·
1246 896 1291 964 ad
1310 891 1529 966 Corinthios.
1588 892 1788 964 Teucamus
1817 893 1914 962 enim
1946 916 2011 961 uos
2034 888 2259 986 philosophi.

203 1006 314 1083 tegat,
347 1006 380 1063 ct
401 994 497 1085 piam
517 1018 556 1065 ac
573 995 762 1066 salutarem
778 1018 900 1085 pacem
915 993 1128 1065 Germaniae
1142 1018 1199 1065 re-
1244 990 1316 1066 hoe
1336 998 1425 1067 utile
1449 1007 1676 1089 praeceptum
1706 997 1752 1065 de
1773 993 1974 1076 beneficiis,
2009 996 2103 1087 quod
2127 996 2244 1086 negli-

199 1096 336 1168 stituat.
388 1093 502 1166 Vobis
524 1097 631 1167 etiam
653 1096 782 1187 gratias
805 1119 892 1186 ago,
916 1098 1014 1189 φοοδ
1028 1097 1198 1189 reliquias
1243 1111 1334 1186 gunt
1349 1096 1385 1169 οἱ
1400 1096 1584 1191 βασιλεῖς,
1609 1101 1665 1189 τῷ
1683 1092 1886 1169 ἀντιποιεῖν
1902 1088 2091 1180 σώζεσθαι
2107 1091 2242 1179 πόλεις.

202 1210 345 1268 nostrae
368 1190 601 1283 Academiae,
632 1211 801 1290 tanquam
826 1197 964 1268 tabulas
988 1222 1029 1269 ex
1050 1198 1196 1269 nauita-
1243 1196 1341 1269 Bene
1356 1201 1442 1274 vale.
1494 1197 1562 1268 Die
1580 1196 1639 1269 14.
1659 1194 1938 1272 lanuarii1547.

197 1299 260 1387 -gio
275 1312 450 1390 receptas,
471 1299 550 1369 istic
566 1300 659 1368 tueri
676 1299 833 1371 studetis.
2037 1291 2105 1371 Ph.
2132 1294 2189 1371 Μ.

303 1398 381 1489 Ago
406 1401 532 1488 gratias
553 1414 587 1468 et
609 1401 652 1467 de
668 1392 1011 1492 Georgiotlffuc'ure,
1036 1401 1098 1493 qui
1119 1400 1196 1490 ipso

201 1501 332 1570 scribet
354 1501 464 1583 istuc,
498 1524 577 1569 cum
599 1501 730 1568 erimus
753 1525 835 1569 una.
896 1499 1053 1573 Mele'rtu
1075 1497 1120 1573 δι’
1137 1520 1192 1571 σοι
1511 1574 1521 1587 ,

200 1597 265 1673 καὶ
288 1601 366 1680 τοῖς
385 1595 523 1725 φίλοις,
558 1597 696 1696 ἀνδρὸς
718 1595 874 1693 ἀρίστου
895 1601 959 1675 καὶ
977 1597 1105 1698 φύσει,
1131 1598 1194 1674 καὶ
1228 1607 1310 1683 ,Nu
1331 1609 1444 1681 57⁰7.
2088 1615 2144 1683 tt·
2159 1611 2229 1679 lun.

199 1697 422 1795 διδασκαλιᾳ
437 1695 646 1796 φιλοσόφου
661 1706 730 1773 τοῦ
745 1700 957 1796 Μειλιχίου.
1249 1704 1420 1733 “⁴²⁹
1926 1781 1933 1798 ‚
2067 1704 2242 1733 Μ

301 1802 410 1873 Μῐιιο
435 1805 502 1872 tibi
525 1804 698 1901 et'amicis
712 1805 883 1896 scriptum
897 1801 1043 1885 Manli,
1069 1806 1193 1897 inquo
1508 1779 1640 1864 Mica.
1661 1778 1970 1890 Meienburgtu.

180 1904 301 1998 ·prior
330 1929 412 1995 pars
433 1905 545 1995 ipsius
569 1919 620 1974 est
641 1906 798 1995 propria.
855 1904 929 1977 Nus
948 1919 1068 1998 postea
1092 1907 1130 1974 in
1154 1930 1192 1973 oa
1346 1935 1432 2008 Ephe
1445 1936 1536 1995 lm,
1555 1937 1694 2009 Μωη,

198 2016 320 2098 parte,
353 2007 391 2073 in
418 2030 487 2097 qua
508 2006 569 2075 ille
585 2000 768 2101 λοιδορῶν
785 2002 1195 2101 poprrauirepooluerat,
1384 2093 1387 2099 Ι
1845 2064 1848 2069 .
1969 2085 1972 2088 Α

199 2107 411 2178 attexuimus
431 2107 707 2197 disputationem
729 2111 960 2180 eruditiorem
976 2123 1011 2178 et
1025 2132 1195 2177 verecun-
1267 2089 1489 2166 Μῖθδῦθῖ
1498 2095 1513 2164 ἱ
1540 2092 1595 2166 Μ
1597 2093 1639 2165 ‘1'
1644 2092 1892 2189 enbargio,
1927 2091 2072 2167 ⁶0an
2094 2086 2216 2171 Nori·

196 2209 347 2279 diorent.
1196 2229 1199 2246 ·
1656 2190 1823 2277 bassano,

300 2302 522 2395 Pesoldum,
546 2309 669 2394 miror,
694 2304 785 2378 mihi
800 2332 874 2378 uon
889 2311 1053 2395 scrihere,
1080 2335 1196 2402 quent,

260 2410 270 2428 .
528 2410 537 2427 .
709 2411 758 2428 ..
1112 2412 1149 2431 ,,
1243 2325 1286 2415 S.
1314 2344 1359 2419 D.
1411 2345 1494 2416 ldeu
1510 2345 1595 2415 sinit
1611 2343 1706 2415 Deus
1723 2345 1877 2414 exerceri
1892 2338 2054 2413 homines
2069 2344 2239 2434 perieulis

196 2410 326 2494 velem,
358 2406 575 2491 adhorteris,
608 2424 649 2480 ut
670 2407 760 2479 mrhr
789 2414 1011 2500 respondeat.
1073 2410 1194 2500 Diligo

1243 2447 1548 2517 inextricabilibus
1570 2442 1745 2516 humanae
1760 2446 1965 2536 sapientiae,
1991 2460 2030 2516 ut
2047 2448 2237 2525 discamus,
2315 2474 2322 2484 ·

1243 2573 1316 2617 non
1341 2550 1462 2617 omnia
1485 2572 1587 2640 posse
1607 2549 1679 2637 regi
1701 2544 1867 2617 humanis
1883 2547 2058 2629 consiliis,
2087 2560 2121 2617 et
2138 2558 2237 2637 peta-

1242 2673 1322 2722 mus
1354 2664 1460 2743 atque
1489 2663 1708 2740 expectemus
1740 2650 1888 2718 coeleste
1915 2648 2107 2731 atrxilium,
2143 2647 2238 2716 sicut

1242 2775 1345 2842 saepe
1372 2764 1493 2820 monet
1523 2776 1591 2818 vox
1608 2751 1743 2824 divina.
1798 2747 1847 2818 Et
1870 2749 1982 2819 Filius
2006 2748 2072 2817 Dei
2098 2749 2235 2840 inquit:

1242 2853 1329 2924 Siue
1361 2879 1416 2922 me
1444 2848 1537 2921 nihil
1562 2852 1707 2942 potestis
1732 2852 1856 2922 lacere.
1910 2849 1957 2922 Et
1981 2851 2144 2920 Psalmus
2167 2851 2234 2919 ait:

1240 2950 1319 3022 Nisi
1335 2951 1511 3024 Dominus
1527 2953 1932 3025 custodieritcivitatem.
1983 2950 2148 3021 Petamus
2167 2950 2237 3040 igi-

1240 3068 1299 3126 tur
1313 3079 1332 3125 a
1348 3052 1424 3125 Deo
1441 3054 1613 3124 auxilium
1629 3069 1666 3125 et
1684 3078 1816 3146 pacem.

1340 3148 1613 3248 landgravius
1639 3156 1779 3225 flectere
1806 3153 1965 3223 animum
1995 3152 2129 3223 Generi
2159 3177 2234 3223 nun

1240 3257 1366 3348 potuit⁴
1417 3254 1466 3327 Et
1480 3272 1594 3348 puto,
1609 3280 1671 3326 vos
1688 3255 1839 3337 novisse,
1866 3254 1950 3347 quid
1969 3255 2112 3348 utrique
2126 3253 2236 3324 Prin-

1241 3358 1310 3449 cipi
1324 3359 1565 3451 proposuerit,
1590 3355 1747 3426 Electori
1766 3370 1799 3426 et
1815 3355 1968 3425 Genero.

195 3446 264 3525 No·
277 3450 390 3523 3706·
1024 3496 1028 3505 =
1059 3458 1114 3528 tt.
1128 3453 1192 3520 lan.
1342 3459 1396 3530 De
1417 3452 1576 3529 Ecclesia
1598 3458 1699 3528 urbis
1720 3471 1855 3527 vestrae
1881 3458 2006 3543 audio,
2039 3455 2235 3528 Ductorem

204 3546 377 3577 Μ
581 3637 588 3653 ,
1064 3550 1182 3576 Μ
1240 3557 1444 3635 Emanium
1461 3556 1651 3630 Attanum
1674 3561 1718 3629 ad
1737 3583 1799 3629 vos
1816 3560 2168 3650 proiecturumesse,
2193 3573 2236 3631 ut

525 3635 644 3717 Hm·
667 3630 871 3722 B⁶⁸⁰ld⁰·
1240 3678 1345 3756 petat,
1370 3663 1438 3733 sibi
1456 3663 1697 3732 commendari
1713 3657 2039 3732 vestrac'Ecclesiae
2055 3662 2237 3750 guberna-

297 3789 320 3860 ι
338 3786 375 3842 tu
387 3807 481 3861 apogr,
496 3789 525 3845 in
540 3788 603 3849 eod.
615 3787 700 3863 tang.
719 3810 747 3863 p,
761 3788 812 3846 ab.
1105 3758 1110 3766 ’
1240 3768 1385 3838 tionem.
1437 3763 1503 3832 Vir
1523 3759 1690 3849 honestus
1706 3777 1775 3843 est,
1802 3777 1837 3832 et
1853 3763 1892 3830 iu
1905 3763 2066 3831 doctrina
2085 3763 2236 3850 integer.

191 2608 371 2692 alterum,
400 2613 587 2681 sedetiam
609 2626 705 2682 uste
721 2590 891 2685 ‘alterum
943 2613 1090 2685 Utinam
1109 2639 1195 2684 cona

199 2713 334 2783 iunctio
361 2713 543 2782 literarum
566 2714 678 2803 possit
696 2715 832 2806 aliquid
854 2715 933 2805 opis
954 2718 1092 2784 adferre
1106 2713 1194 2786 Rei-

200 2816 372 2904 publicae.
445 2813 514 2885 Sed
550 2828 689 2897 tamen‚
722 2816 859 2884 etiamsi
892 2830 1000 2886 ruant
1033 2800 1220 2935 imperial

197 2918 341 3006 prodest
356 2912 534 2985 Ecclesiae
554 2920 633 2988 τῶν
646 2908 905 2988 διδασκόντων
922 2911 1089 3010 ὁμόνοια.
1122 2915 1193 2986 Be·
1214 2939 1218 2951 ¹

195 3038 244 3085 ue
261 3018 351 3088 vale.
401 3014 469 3087 Die
488 3017 548 3091 14.
565 3014 733 3090 Ianuarii.

712 3114 901 3210 Philippus
916 3109 1141 3188 Melanthon‘.

200 3329 274 3339 nav·-
279 3326 1091 3341 mnu-*m
1095 3329 1173 3338 —-—=

1213 3938 1217 3949 ,
1239 3865 1310 3937 Sed
1333 3890 1400 3934 vox
1420 3866 1567 3935 fortasse
1588 3889 1662 3933 non
1679 3865 1831 3955 placebit
1846 3863 1990 3955 populo.
2040 3861 2090 3933 Et
2103 3864 2234 3931 vellem
2338 3868 2343 3875 '

195 3946 481 4043 Hieronva
506 3945 545 4018 Β
554 3946 658 4019 68οἶ
664 3946 719 4019 dv
744 3945 1023 4043 N⁰ribergffl⁸b
1050 3942 1193 4017 (Ῑόθθηῑῖ
1213 3962 1217 4035 ἒ
1239 3991 1311 4037 esse
1328 3968 1530 4040 cautiorem.
1572 3963 1649 4055 Ego
1666 3969 1792 4034 itenun
1808 3966 2000 4054 explorabo
2012 3965 2234 4034 voluntatem

316 4048 523 4120 Ecclesiam
542 4048 622 4132 Dei
636 4051 676 4121 ¹⁴11
691 4049 834 4146 inclyia
848 4044 1074 4143 Nssfibergfl·
1211 4042 1218 4169 l
1240 4060 1426 4150 Andreae,
1437 4108 1440 4113 ·
1452 4066 1604 4138 Diacuni
1620 4066 1798 4137 Ecclesiae
1812 4064 2039 4149 Salinarum,
2063 4066 2124 4158 qui
2147 4066 2251 4150 iarn,·

82 4234 91 4255 ,
195 4172 421 4275 Μρῑήῑῃῑδῑῑ,
446 4198 576 4285 opino,
621 4221 723 4290 3309,
743 4223 800 4266 me
814 4198 1016 4289 praedicere
1034 4190 1079 4269 οὗ
1093 4174 1189 4287 W,
1211 4184 1219 4231 ¹-
1238 4187 1278 4242 ut
1308 4195 1371 4263 ego
1399 4171 1611 4252 retinemur,
1648 4168 1816 4237 libentius
1843 4192 1881 4235 ex
1908 4166 2040 4237 salinis
2063 4167 2236 4251 discedet,

195 4286 297 4392 „mp'
325 4294 416 4370 ἀλλὰ
441 4303 517 4369 τῶν
544 4253 738 4392 ἀρ’χόγτωγ
762 4291 1056 4393 πλημμελήματα
1071 4292 1188 4391 ὁρῶν,
1211 4280 1217 4361 ξ
1238 4274 1321 4369 quia
1337 4266 1740 4342 servitusssiaconurum
1755 4269 1823 4340 erit
1839 4269 1962 4337 maior.
1991 4266 2089 4337 Bene
2105 4269 2236 4339 etfeli-

196 4370 263 4485 τα,ι
284 4400 469 4470 domicilia
494 4400 675 4470 doctrinae
696 4416 730 4471 et
746 4368 984 4470 Ecclesiarum
1000 4400 1188 4491 praecipua
1211 4404 1217 4491 i
1238 4376 1326 4445 ‘lm'
1348 4375 1471 4492 valele·
1521 4368 1866 4487 Di⁸14013¹¹¹¹³¹552
1904 4368 2235 4461 Decrevipffittfi·

195 4505 273 4571 sore
286 4505 376 4597 bene
391 4517 543 4571 moratas
559 4502 726 4587 civitates,
752 4527 900 4599 sumque
917 4502 980 4573 toti
994 4502 1186 4594 posteritati
1238 4480 1348 4547 duum
1367 4480 1482 4585 sedls‘
1501 4474 1711 4547 servem·
1760 4471 1836 4542 ΠΕΟ
1856 4486 2010 4543 ¹⁰V⁸¹¹¹‘·
2039 4572 2047 4589 ⁸

196 4606 416 4693 gratulatus,
439 4606 577 4697 quoties
601 4606 723 4674 audivi
747 4596 839 4676 recte
863 4602 1028 4675 constitui
1051 4598 1188 4672 scholas
1243 4606 1249 4613 '
1513 4594 1517 4605 ’
1981 4567 2181 4661 Plullppus.

196 4720 231 4776 et
247 4702 421 4775 Ecclesiae
439 4707 476 4773 in
491 4706 658 4789 urbibus,
682 4731 722 4779 ac
735 4730 860 4798 precor
872 4704 990 4777 Deum
1005 4714 1188 4781 aeteruum
2186 4697 2189 4701 ’

196 4821 331 4898 patrem
348 4808 485 4875 domini
502 4805 876 4905 camsilem-Christi,
899 4820 939 4878 ut
954 4806 1110 4875 civitates
1126 4809 1188 4873 de-

195 4911 319 4979 scndat
341 4923 375 4978 et
398 4910 580 4999 gubernet.
631 4908 763 4980 Precor
785 4910 911 5003 etiam,
938 4921 978 4979 ut
994 4919 1054 4989 tua
1070 4906 1186 4999 studia

1235 4869 1431 4992 wit.
1877 4916 1880 4931 .
1901 4869 2044 4943 1s.1un.
2063 4836 2237 4960 (litaret.)

194 5024 302 5101 regat.
354 5006 488 5095 Miror,
514 5022 549 5080 te
575 5022 646 5083 tam
669 5012 733 5080 diu
755 4994 976 5119 nohis-'nihil
1000 5009 1188 5111 scripsisse.
1484 5034 1709 5120 Ioacplimo
1728 5000 1989 5121 Anpfflffib,
2104 5074 2128 5081 ..

196 5110 355 5201 Tempus
372 5128 487 5183 autern
504 5135 569 5181 nos
587 5110 631 5181 de
648 5136 750 5182 versu
765 5108 955 5182 Homerico
971 5110 1154 5179 admo'nct:
1712 5108 1734 5131 '·

278 5224 373 5287 dailos
393 5248 440 5286 τοι
463 5225 570 5288 δειλῶν
591 5247 641 5307 γε,
669 5224 719 5288 stul
741 5217 1101 5308 lypom'dyyudaudml).
1149 5242 1153 5251 ·

1303 5197 1472 5253 Beclmanni
1487 5197 1636 5254 acromion.
1650 5196 1713 5251 bist.
1731 5194 1840 5267 antus.
1856 5192 1885 5281 p'.
1901 5190 1973 5281 116.
2010 5190 2028 5280 ἰ

198 5350 272 5360 υ...-

1305 5348 1338 5400 de
1361 5365 1479 5416 quorum
1492 5340 1636 5399 verboruln
1651 5364 1730 5399 sensu
1743 5344 1799 5402 rid.
1815 5347 1960 5403 Danuuius
1971 5347 2000 5403 in
2014 5348 2114 5407 Leslco
2124 5350 2239 5407 ilume-

230 5420 256 5485 t)
276 5416 323 5471 Sic
343 5418 409 5471 baec
428 5418 510 5470 rerba
532 5417 559 5469 in
580 5416 641 5471 cod.
657 5415 681 5468 le
701 5426 798 5476 untur,
819 5415 910 5471 sedin
926 5412 1186 5470 nortmundo.
1304 5413 1542 5470 rico-Pindarico
1563 5435 1585 5467 ι.
1598 5433 1622 5468 r.
1642 5411 1866 5475 dealdu‘uherius
1884 5417 2032 5488 disputans.
2070 5420 2153 5474 Putat
2167 5440 2238 5476 sen-

261 5486 321 5540 ast.
331 5489 370 5540 sic
383 5498 494 5540 sonant:
515 5487 606 5540 δειλαί
616 5504 658 5540 τοι
690 5485 773 5541 οὐλῶν
786 5488 875 5557 γε’κολ
887 5480 1184 5556 δνγόαιδγγύδαοθᾱι,
1208 5472 1211 5512 ¹
1304 5503 1364 5537 sum
1380 5503 1453 5539 esse:
1478 5494 1528 5556 pra
1543 5481 1621 5537 malis
1634 5485 1950 5557 spondeusmlmsst.
