4882 6436
189 244 272 374 su
780 261 1218 351 uetsroraauu
1270 263 1379 341 etr.
1409 263 1456 344 x.
1515 257 1657 341 asta
2163 259 2250 337 ste

192 461 364 541 adducat,
404 466 438 525 et
464 444 548 521 huic
580 444 782 517 saevissimo
812 437 953 509 vulneri
978 431 1191 506 medicinam
1241 459 1339 522 mus,
1370 437 1399 508 si
1425 451 1544 509 tamen
1566 430 1637 507 huc
1650 432 1853 519 advenerit,
1879 446 1941 503 aut
1956 429 2074 501 salvus
2090 439 2124 500 et
2142 427 2248 500 inco-

195 562 309 633 laciat.
1241 539 1348 611 lumis
1362 540 1467 610 nobis
1483 532 1670 610 nunciatus
1683 538 1791 608 luerit
1805 532 1949 606 Elector
1962 547 2094 605 noster.

300 653 417 730 Scribi
432 677 506 722 non
521 661 646 743 potest,
668 669 757 741 quae
772 645 818 715 sit
832 640 1081 720 consternatio,
1103 661 1193 732 quae
1344 643 1459 733 Aegre
1489 643 1663 731 abrumpo
1685 638 1925 730 scriptionem,
1983 632 2111 703 Nescio
2132 632 2246 716 enlm,

195 760 405 856 trepidatio,
429 778 519 849 quae
533 752 694 821 omnium
710 745 869 828 tristitia,
890 766 995 837 quam
1010 741 1136 811 misera
1153 763 1193 808 ex
1243 765 1289 812 an
1312 759 1346 815 et
1368 745 1512 838 quando
1534 767 1598 835 per
1618 742 1736 811 literas
1754 742 1810 808 vel
1829 761 1947 807 coram
1963 732 2110 827 posthac
2126 750 2243 805 tecum

197 869 279 956 tuga
303 859 529 932 redeuntium
553 851 700 944 species,
724 861 875 943 quantae
891 845 1053 938 querelae
1070 846 1113 911 de
1132 866 1194 909 ne·
1244 847 1482 916 collocuturus
1502 846 1586 929 sim,
1616 857 1649 912 et
1673 858 1790 914 tamen
1818 839 1923 908 finem
1945 838 2113 928 epistolae
2129 838 2243 907 tacere

198 963 384 1058 gligentia,
406 957 590 1026 securitate
605 966 639 1023 et
654 950 810 1045 persidia.
861 945 936 1035 Ego
955 945 1040 1029 tibi,
1063 945 1194 1013 accol-
1244 973 1300 1016 me
1317 947 1480 1036 Magistri
1495 943 1709 1014 Hermunni
1729 940 1922 1012 necessaria
1939 940 2120 1010 festinatio
2140 939 2244 1028 cogit.

200 1067 286 1158 tegis
300 1061 428 1133 nostris
444 1056 610 1128 omnibus
627 1054 794 1143 gratulor,
820 1051 916 1143 qnod
930 1049 974 1117 ab
989 1043 1044 1115 his
1061 1059 1196 1137 specta·
1244 1046 1341 1119 Deus
1364 1064 1397 1119 te
1412 1061 1447 1117 et
1466 1061 1562 1119 tuam
1578 1046 1746 1116 familiam
1765 1065 1958 1134 omnesque
1976 1055 2116 1110 nostros
2135 1040 2244 1108 colle·

200 1169 288 1242 culis
319 1179 354 1234 et
386 1159 551 1255 periculis
575 1155 722 1238 abestis,
754 1165 786 1221 et
811 1151 961 1221 eundem
984 1146 1100 1218 Deum
1122 1158 1195 1216 toto
1246 1173 1304 1240 gas
1327 1163 1478 1221 tueatur.
1529 1149 1619 1220 Data
1641 1140 1729 1215 hora
1757 1145 1890 1218 1adte
1910 1139 2046 1221 Marci,
2072 1143 2245 1234 postridie

200 1283 342 1365 pectore
363 1286 503 1355 precor,
529 1273 568 1328 ut
586 1279 668 1334 vos,
695 1256 724 1323 si
744 1277 812 1345 qua
828 1252 895 1321 erit
911 1250 1127 1342 respublica,
1152 1248 1196 1316 ad
1246 1253 1306 1322 die
1337 1251 1502 1334 infausti,
1534 1275 1605 1343 quo
1628 1249 1715 1318 olim
1742 1247 1807 1318 llio
1828 1257 1929 1337 capto
1953 1243 2245 1315 florentissimum

201 1367 494 1442 instaurationem
523 1357 762 1429 Ecclesiarum
790 1368 824 1424 et
849 1348 1049 1421 scholarum
1077 1352 1115 1417 in
1143 1344 1198 1418 bis
1247 1350 1945 1445 regnumAsiaefundiruseversum031,
1983 1342 2221 1418 An1101547,

201 1470 424 1561 regionibus,
448 1462 578 1555 quibus
594 1459 739 1528 exitium
758 1455 930 1536 imminet,
950 1453 1143 1522 incolumes
1159 1450 1197 1517 in
1623 1451 1755 1522 Manus
1774 1450 1982 1540 ,cripmrem
1998 1448 2144 1518 indicat,

200 1573 288 1644 locis
303 1566 492 1640 tutioribus
507 1573 699 1631 conservet.
732 1556 809 1627 Etsi
826 1569 942 1624 autem
956 1556 1069 1624 fateor
1084 1575 1197 1620 meam
1348 1555 1457 1626 Mitto
1477 1553 1687 1646 exemplaria
1703 1551 1869 1623 carminis
1885 1550 1937 1620 tui
1953 1551 2159 1641 tempestive
2174 1549 2246 1618 iam

201 1670 411 1751 stultitiam,
436 1665 499 1758 qui
514 1687 589 1731 non
603 1662 705 1730 citius
721 1684 776 1728 me
791 1654 874 1727 binc
889 1657 1055 1741 subduxi,
1080 1667 1197 1723 tamen
1352 1658 1437 1727 editi
1458 1670 1492 1727 et
1515 1657 1572 1748 pie
1592 1655 1694 1736 facti,
1721 1655 1894 1723 missurus
1911 1651 2014 1720 etiam
2029 1651 2244 1742 exemplaria

203 1799 284 1848 cum
307 1770 439 1840 multos
460 1763 609 1834 habeam
633 1763 702 1830 mei
727 1760 856 1830 erroris
873 1759 1002 1842 socios,
1027 1757 1088 1850 qui
1106 1750 1198 1823 hanc
1349 1758 1566 1830 detensionis
1590 1758 1719 1827 latinae
1743 1755 1925 1825 absolutae
1950 1753 2039 1837 iam,
2069 1755 2128 1823 sed
2152 1776 2241 1820 one-

203 1891 277 1950 tsm
310 1871 464 1941 subitam
487 1865 720 1936 calamitatem
745 1862 933 1954 providere
957 1871 1017 1929 aut
1037 1858 1198 1925 divinare
1349 1885 1427 1931 rare
1442 1857 1698 1928 Hermannum
1714 1882 1787 1927 110„
1803 1856 1913 1925 votui,

203 2001 279 2048 nou
308 1981 520 2066 potuemnt,
552 1967 677 2034 videor
703 1963 805 2033 venia
838 1974 871 2031 et
895 1959 1199 2031 commiseratione
1438 1958 1487 2047 Ι

204 2082 351 2168 dignus;
386 2087 420 2142 et
440 2071 534 2164 quod
557 2080 739 2157 peccatum
761 2076 813 2132 est
835 2087 944 2145 ame,
971 2083 1100 2152 poenas
1117 2058 1200 2128 satis

204 2201 327 2271 graves
345 2177 451 2252 luam,
475 2170 543 2238 nisi
559 2168 645 2260 quid
662 2171 748 2235 deus
763 2187 827 2233 nos
844 2162 1045 2253 respexerit.
1096 2160 1200 2230 Nnuc
1248 2197 1282 2270 N
1283 2225 1318 2268 ο.
1335 2197 1450 2272 3356·
2080 2205 2141 2266 26·
2161 2194 2235 2279 Apu

203 2284 245 2352 iu
269 2275 333 2347 hac
349 2272 584 2364 trepidatione
599 2268 717 2356 egredi
734 2263 817 2336 binc
834 2290 942 2335 curru
955 2263 1091 2332 nemini
1109 2263 1200 2334 licet.
1257 2297 1469 2332 Μ
2068 2287 2242 2320 w-

202 2380 359 2455 Pedibus
374 2377 424 2445 ire
440 2387 474 2443 et
489 2374 580 2440 lerre
594 2370 747 2438 infantes
763 2392 835 2435 uon
852 2390 954 2459 queo.
997 2363 1199 2435 Necessario
1539 2361 1641 2452 Vico
1671 2363 1961 2454 Winphemgo·

203 2483 314 2600 igitur
335 2474 395 2548 hic
410 2475 583 2557 retineor,
608 2483 644 2590 ‘3¹
657 2493 796 2553 casum,
820 2493 925 2561 qoem
943 2469 1031 2536 deus
1045 2467 1200 2585 5¹⁸¹3¹²¹¹‘
1317 2525 1591 2584 euroaustrum
1612 2545 1691 2587 neuen
1712 2527 1799 2586 uoce.
1820 2544 1864 2597 ,u
1882 2529 1983 2584 suan
2008 2524 2043 2579 u.
2059 2523 2122 2579 vu
2145 2541 2173 2592 ρ.
2187 2524 2249 2580 su.

203 2597 361 2653 tissimus
384 2591 484 2670 pater
505 2575 643 2643 dederit
658 2585 837 2663 expectare
851 2592 974 2658 cogor,
999 2593 1055 2637 cur
1076 2591 1147 2636 scio
1167 2579 1200 2635 et
1352 2599 1515 2669 mm„
1535 2599 1563 2652 ,n
1584 2598 1648 2655 eod.
1668 2598 1754 2651 Gora.
1769 2597 1826 2652 ¹91·
1850 2616 1878 2669 P·
1892 2597 1938 2652 ω·
1959 2605 1984 2649 α
2004 2593 2067 2648 eod.
2085 2593 2169 2650 Gom
2187 2594 2249 2648 4⁰¹·

203 2699 300 2754 certo
317 2680 476 2761 conlido,
499 2700 555 2744 me
573 2697 677 2743 curae
695 2687 863 2741 escarum
882 2693 974 2754 esse,
999 2671 1103 2740 etiam
1119 2691 1199 2738 cum
1351 2685 1379 2738 a·
1394 2665 1463 2720 87¹³·

202 2780 319 2865 hosti,
345 2779 459 2872 potito
480 2777 587 2866 urbe,
614 2774 774 2863 iugulum
792 2773 1007 2862 praebuero,
1029 2784 1091 2839 aut
1105 2792 1201 2837 meos

202 2887 357 2956 infantes
373 2904 491 2951 coram
508 2901 563 2946 me
582 2869 751 2946 trucidari
771 2877 972 2965 adspexere.
1010 2871 1128 2943 Solius
1144 2871 1201 2939 dei

203 3012 271 3080 ope
292 2982 509 3056 salvabimur
531 2978 698 3049 omnibus
717 2971 881 3046 humanis
896 2974 1078 3066 praesidiis
1092 2971 1203 3042 desti-

203 3089 284 3162 tuti.
333 3080 427 3155 Eum
451 3083 561 3171 igitur
584 3080 714 3163 orabo,
745 3090 785 3148 ut
805 3073 1008 3147 Electorcm
1030 3087 1203 3158 nostrum,

204 3191 351 3279 eiusque
374 3184 564 3267 familiam,
589 3195 625 3252 et
644 3176 819 3250 Ecclesias
843 3179 938 3269 pias,
964 3192 998 3248 et
1019 3200 1133 3246 meam
1150 3177 1203 3244 sa-

1249 2820 1494 2919 Integerrimo
1518 2822 1595 2894 viro
1616 2819 1819 2895 straditione
1840 2833 1872 2894 et
1897 2821 2026 2893 uirtute
2040 2818 2251 2918 praestanti

1250 2923 1306 3002 D.
1336 2923 1379 3001 V
1381 2925 1447 2998 ito
1487 2922 1800 3007 Wioshemio,
1838 2926 1958 2996 amico
1982 2933 2014 2994 et
2033 2923 2161 3022 jrutri
2183 2944 2251 2992 suo

1636 3024 1866 3099 charissimo.

1353 3135 1583 3219 (Magdeburgi,
1606 3138 1668 3203 vid.
1683 3161 1731 3221 ep.
1748 3139 1786 3199 ed
1802 3137 1930 3199 eundern
1945 3136 1973 3197 d.
1993 3135 2024 3201 4.
2042 3132 2148 3215 Maii.)

203 3288 376 3360 miliolam
395 3284 570 3366 defendat,
595 3281 667 3350 alat
681 3295 716 3350 et
730 3293 922 3350 conservet.
961 3277 1104 3347 Vestras
1123 3301 1204 3367 pre·
1252 3255 1476 3350 Charissime
1489 3277 1518 3376 ¹)
1540 3274 1636 3350 Vite.
1686 3279 1803 3351 Simul
1826 3281 1986 3350 animum
2004 3302 2122 3346 meum
2145 3277 2251 3350 multi

205 3413 261 3461 ces
290 3384 394 3456 nobis
421 3382 581 3452 subsidio
601 3382 737 3451 futuras
763 3402 835 3446 nou
859 3378 1080 3460 dubitamus,
1112 3391 1203 3446 certe
1251 3381 1372 3470 magni
1391 3383 1533 3451 dolores
1556 3381 1768 3452 excruciant.
1819 3382 1930 3453 Doleo
1949 3378 2174 3470 Principem,
2199 3379 2252 3448 vi-

204 3486 434 3562 vebementer
456 3484 547 3554 allici
571 3505 635 3552 vos
658 3494 692 3551 et
716 3481 869 3572 publicis
893 3480 1072 3550 aerumnis
1087 3492 1121 3550 et
1137 3501 1205 3547 no·
1252 3508 1333 3554 rum
1355 3483 1490 3552 bonnm
1514 3497 1548 3553 et
1566 3484 1744 3570 integrum
1770 3482 1808 3552 in
1831 3507 1935 3554 causa
1960 3482 2054 3551 bona
2082 3482 2252 3553 intentas

205 3593 286 3665 stris
302 3587 467 3682 periculis
483 3587 611 3655 scimus
628 3597 661 3655 et
676 3584 847 3654 dolemus.
1252 3585 1411 3656 miserias
1445 3585 1630 3670 incidisse,
1673 3581 1850 3654 Ecclesiae
1882 3583 2081 3654 doctrinam
2110 3583 2252 3667 mutari,

307 3689 513 3779 Quinetiam
538 3687 591 3756 sol
615 3686 688 3777 ipse
709 3697 743 3755 et
762 3684 852 3756 coeli
874 3684 979 3754 iacies
1004 3697 1040 3754 et
1064 3683 1205 3752 denun-
1253 3687 1368 3758 studia
1390 3681 1627 3778 pulcherrime
1653 3687 1814 3757 instituta
1832 3687 1870 3755 in
1887 3682 2116 3756 Academiola
2131 3699 2252 3755 nostra

205 3795 298 3866 clare
313 3791 425 3861 'nobis
449 3787 513 3860 has
537 3789 769 3873 calamitates,
798 3802 832 3857 et
855 3786 959 3854 nobis
982 3809 1062 3856 cum
1086 3785 1205 3873 lugere
1253 3789 1383 3872 deleri,
1407 3811 1474 3858 nos
1489 3784 1650 3871 distrahi,
1675 3789 1819 3868 amicos,
1845 3789 1942 3857 viros
1957 3787 2121 3878 optimos,
2147 3786 2252 3858 amit·

203 3899 280 3967 visa
295 3908 389 3964 sunt.
440 3890 531 3961 Nam
550 3884 618 3959 hoc
635 3889 754 3958 triduo
773 3887 827 3956 sol
840 3887 1075 3976 sanguineum
1094 3887 1206 3954 rubo·
1254 3904 1328 3961 tere
1348 3903 1381 3958 et
1405 3891 1510 3960 nidos
1527 3913 1608 3960 suos
1624 3904 1659 3961 et
1675 3892 1852 3975 sortuuas,
1881 3888 2025 3959 irrideri
2042 3912 2107 3958 nos
2128 3889 2174 3957 ab
2190 3890 2253 3958 ad-

203 4021 281 4069 rem
303 4017 441 4086 semper
464 3992 567 4060 nobis
593 3993 750 4060 ostendit
766 3983 823 4079 *),
856 4001 889 4057 et
907 3988 1042 4057 coelum
1060 3987 1153 4056 tristi
1172 4000 1206 4056 et
1253 3992 1435 4076 versariis,
1470 4004 1664 4083 postremo,
1703 4017 1759 4060 me
1785 4016 1927 4085 qrroque
1952 4014 2033 4060 cum
2055 3990 2192 4060 familia
2215 3991 2254 4060 iu

205 4110 375 4191 perpetua
390 4093 538 4182 caligine
556 4093 750 4163 obductum
767 4084 988 4161 συνωδίνειν
1002 4083 1065 4159 καὶ
1076 4109 1206 4158 ovace—
1255 4093 1400 4162 exilium
1424 4095 1524 4185 pelli3
1567 4095 1627 4161 sed
1651 4118 1715 4163 oro
1738 4091 1854 4164 Deum
1881 4107 2084 4176 aeternum,
2118 4105 2254 4184 patrem

203 4194 330 4287 φᾶζειν
346 4192 438 4290 ἡμῖν
454 4194 568 4262 visum
585 4206 647 4265 est.
1254 4192 1360 4265 Dum.
1385 4191 1429 4269 N.
1456 4192 1481 4263 l.
1506 4192 1564 4280 C.,
1594 4209 1634 4264 ut
1662 4195 1797 4284 mitiget
1822 4196 1928 4265 nobis
1953 4193 2121 4265 omnibus
2138 4190 2169 4290 ²)
2194 4217 2254 4264 se·

306 4300 425 4388 Quam
456 4295 563 4363 velim
589 4306 622 4362 te
643 4293 801 4383 proxime
824 4305 918 4361 tuam
941 4291 1127 4382 pecuniam
1152 4305 1206 4361 te·
1254 4318 1411 4368 rumnas.

206 4427 288 4474 cum
310 4399 512 4480 abstulisse,
536 4409 576 4465 ut
590 4390 737 4464 haberes
752 4395 932 4464 viaticum.
983 4391 1074 4464 'luis
1090 4394 1206 4478 rebus,
1355 4394 1443 4466 Heri
1466 4393 1534 4467 buc
1557 4398 1664 4467 rediit
1677 4395 1813 4469 Doctor
1833 4395 2064 4492 Augustinus
2086 4392 2253 4492 (Schurl)

207 4505 406 4585 frumento,
431 4499 587 4590 ligniset
602 4496 737 4577 latina,
764 4519 869 4587 quam
888 4490 947 4564 hic
960 4494 1150 4589 reliquisti,
1176 4495 1206 4564 si
1254 4499 1319 4593 qui
1347 4512 1485 4582 narrat,
1517 4497 1719 4590 Principem
1749 4503 1873 4593 cymba
1898 4502 1936 4569 in
1959 4500 2045 4571 Albi
2068 4503 2255 4571 advectum

206 4619 288 4676 utar
304 4619 462 4695 tempore
479 4597 703 4682 necessitatis,
728 4620 830 4687 spero
846 4609 880 4666 te
896 4620 969 4665 non
985 4597 1112 4690 iniquo
1126 4596 1207 4665 ani·
1255 4623 1329 4671 esse
1344 4602 1556 4669 incolumem
1574 4601 1613 4669 in
1628 4601 1798 4692 oppidum
1815 4618 1977 4673 nostrum
1994 4599 2032 4694 ³).
2065 4601 2151 4691 Quo
2169 4624 2255 4673 con-

207 4730 268 4777 mo
290 4705 446 4775 laturum
470 4725 556 4770 esse.
608 4696 662 4768 Te
684 4721 747 4790 per
766 4699 931 4789 pietatem
948 4709 1042 4767 tuam
1060 4721 1143 4776 oro,
1166 4711 1207 4768 ut
1254 4701 1334 4771 silio
1350 4702 1505 4770 miserim
1521 4701 1691 4771 familiam
1707 4726 1820 4773 meam
1835 4704 1935 4788 istuc,
1960 4729 2005 4774 ne
2021 4707 2094 4795 ipse
2109 4704 2254 4797 quidem

206 4801 390 4878 siisthinc
412 4801 599 4892 migrabis,
632 4813 671 4870 ut
687 4799 834 4868 omnino
853 4798 1053 4868 faciendum
1070 4822 1207 4884 censeo,
1254 4804 1338 4873 satis
1368 4805 1484 4872 dicere
1509 4827 1663 4893 possum.
1737 4803 1807 4875 Sed
1835 4807 1917 4875 misi
1941 4822 2060 4876 tamen
2075 4802 2126 4897 ⁴),
2170 4805 2255 4900 quia

205 4911 271 4983 ubi
293 4908 447 5001 primurn
465 4901 616 4994 poteris,
642 4895 734 4969 mibi
750 4925 812 4992 per
826 4901 944 4969 literas
958 4899 1016 4969 vel
1032 4923 1096 4992 per
1110 4924 1206 4970 nun·
1255 4905 1382 4996 puellis
1411 4920 1547 4986 metuo,
1581 4904 1742 4998 alioquin
1766 4931 1913 4999 prorsus
1934 4903 1993 4978 hie
2017 4931 2199 4978 manerem
2222 4919 2256 4977 et

208 5015 303 5081 cium
328 5006 521 5097 significes,
553 5001 617 5071 ubi
639 5002 797 5071 locorum
821 5001 868 5070 sis
893 5013 928 5070 et
948 5003 1127 5093 quomodo
1143 5027 1205 5072 va·
1254 5021 1469 5098 expectarem
1490 5030 1614 5075 omnes
1634 5030 1743 5080 casus.
1804 5006 1896 5078 Nam
1921 5033 1986 5080 nec
2009 5010 2131 5100 vagari
2155 5008 2256 5090 libet,

207 5113 290 5187 leas.
341 5109 415 5181 Nos
437 5132 478 5178 eo
502 5103 672 5175 libentius
697 5125 820 5172 omnes
837 5125 1024 5173 aerumnas
1040 5098 1098 5173 bic
1114 5105 1205 5173 fere-

1289 5192 1315 5259 1)
1334 5190 1426 5246 Strnb.
1444 5191 1616 5249 clarisssine.

208 5249 439 5297 ·····-“·’·“···
1287 5277 1317 5346 2)
1337 5276 1408 5333 Cod.
1424 5275 1509 5331 Goth.
1526 5275 1584 5332 191.
1599 5295 1706 5336 omues.

239 5385 268 5455 *l
286 5383 363 5439 ldem
381 5390 526 5436 sanarunt
539 5375 681 5434 Sleidsnus
702 5375 730 5429 iu
748 5375 967 5444 commentariis,
989 5384 1017 5432 et
1033 5374 1205 5434 Camerarius
1288 5359 1317 5428 ⁸)
1335 5346 1406 5414 (3111·
1421 5360 1505 5415 G⁰¹¹¹·
1519 5362 1580 5417 4⁰¹·
1597 5371 1733 5420 vestrum·

273 5453 303 5508 ir
319 5452 381 5507 Vita
394 5448 578 5505 Melantbonis
589 5445 623 5502 ad
635 5464 698 5502 eun.
713 5446 789 5505 154⁷.
809 5447 835 5516 ς.
850 5445 892 5500 72.
1288 5447 1321 5517 d)
1340 5445 1409 5500 coa.
1423 5445 1507 5502 Gutb.
1523 5447 1579 5504 191.
1598 5457 1722 5508 tuntum.
