4882 6436
196 324 277 409 ros
769 276 1208 411 tartarocxnuru
1268 326 1375 403 cta.
1408 325 1475 404 xt
1527 324 1661 402 1548.

202 497 277 567 eius
299 486 392 564 recte
410 508 595 582 regantur,
618 507 652 563 et
674 496 743 561 iam
764 495 874 562 discat
893 494 1054 564 exercitia
1071 491 1198 564 Arith-

199 597 391 664 tunicato
418 596 628 663 coelestibus
655 595 775 683 liguris
802 595 996 683 erigendis,
1030 608 1064 664 et
1091 597 1196 666 simul

202 709 361 765 exerceat
376 696 542 786 stylum..
642 708 647 719 '
830 702 845 772 ,'
876 776 881 780 ,
1098 769 1101 773 ,

128 880 131 887 ἢ
304 796 500 864 Amisimus
520 818 687 882 magnum
705 807 971 878 ornamentum,
997 792 1098 867 Doct.
1118 792 1196 864 Au-

199 892 409 987 gustinum,
435 894 637 978 Medicum,
670 895 733 986 qui
754 919 870 983 nuper
891 895 1038 964 decessit
1064 921 1104 963 ex
1130 892 1194 965 hac

199 997 397 1077 vitationem
425 994 552 1064 nattha
578 1000 739 1084 superata
764 1007 853 1063 esset
879 995 1073 1084 repletione
1090 1010 1192 1065 ‘tauta
1245 997 1456 1084 cogitatione
1488 997 1693 1079 confirmes,
1725 1011 1759 1066 et
1786 1012 1917 1068 statuas
1950 1023 2133 1068 mansuras
2163 1022 2236 1067 esse

199 1096 238 1161 in
260 1109 417 1185 pectore,
452 1108 491 1163 ut
516 1119 640 1167 omnes
665 1094 782 1162 mirati
806 1118 957 1162 essemus
982 1096 1019 1161 iu
1047 1090 1191 1164 homine
1245 1099 1382 1188 aliquas
1406 1094 1472 1164 Dei
1495 1093 1690 1180 Ecclesias,
1723 1111 1757 1165 et
1781 1098 1897 1191 aliqua
1923 1123 2043 1168 earum
2065 1095 2234 1187 hospitia:

199 1195 518 1295 temperantissimo
537 1209 668 1264 tantam
681 1195 926 1285 repletionem,
937 1198 997 1291 sed
1007 1196 1193 1286 multiplex
1244 1209 1278 1264 et
1301 1195 1498 1264 eruditione
1525 1208 1560 1264 te
1582 1220 1784 1285 praepares,
1811 1212 1851 1267 ut
1876 1200 1957 1268 usui
1974 1198 2155 1267 communi
2169 1221 2233 1271 so·

196 1282 390 1379 t'no'estitia,
424 1319 513 1386 quae
543 1297 744 1384 praecessit,
778 1297 986 1383 languefecit
1016 1310 1190 1370 naturam.
1244 1297 1360 1365 cietati
1379 1319 1451 1365 esse
1468 1296 1591 1385 possis.
1630 1295 1727 1365 Bene
1744 1298 1831 1364 vale.
1876 1298 2033 1367 Salutem
2049 1311 2132 1388 opto
2150 1299 2232 1366 dut-
2267 1308 2273 1317 '
2303 1377 2306 1382 Δ

196 1390 355 1467 Remitto
377 1396 479 1464 vobis
506 1396 708 1485 pecuniam,
734 1421 838 1487 quam
861 1391 951 1462 mihi
976 1421 1039 1486 pro
1061 1396 1188 1465 viatico
1242 1396 1389 1465 cissimis
1403 1396 1571 1465 fratribus
1586 1397 1666 1465 tuis.
1717 1396 1784 1466 Die
1806 1399 1862 1470 12.
1880 1397 1982 1469 Maii.

195 1494 359 1579 misistis,
386 1510 419 1564 et
444 1496 572 1583 gratias
588 1496 688 1562 vobis
711 1520 787 1583 ago.
838 1492 958 1564 Debeo
984 1509 1101 1565 autem
1125 1522 1189 1566 vo-
1929 1496 1931 1500 ⁴

195 1594 251 1662 bis
277 1596 381 1663 aliam
403 1597 607 1686 pecuniam,
633 1597 734 1664 cuius
753 1596 942 1663 dimidium
959 1598 1038 1664 dedi
1064 1610 1187 1665 mutuo

195 1689 403 1774 Marcello,
438 1696 628 1763 dimidium
653 1710 703 1764 est
729 1698 823 1786 apud
849 1689 1096 1768 M.Puulum.
1148 1696 1188 1766 si
1213 1731 1217 1766 ι
1241 1745 1294 1816 No
1321 1748 1423 1821 ΜΟ

195 1796 406 1884 fugiendum
424 1797 506 1864 erit:
533 1810 566 1863 et
583 1820 656 1863 non
674 1795 770 1886 prius
785 1797 822 1863 in
837 1820 1009 1864 carcerem
1023 1797 1187 1881 abducar,
1246 1843 1417 1871 Μ

1249 508 1360 563 torem
1376 494 1514 584 generis
1530 491 1691 564 hnmani.
1742 495 1883 566 Deinde
1907 500 2091 588 adiungito
2109 498 2243 568 doctri-

1250 612 1332 663 nam
1360 595 1398 662 in
1422 591 1577 665 Ecclesia
1600 596 1777 670 traditam.
1829 596 1943 668 Filius
1968 598 2036 670 Dei
2061 600 2164 671 certis
2190 615 2242 669 te-

1247 695 1425 765 stimoniis
1440 719 1513 764 sese
1528 697 1707 785 patefecit,
1731 712 1764 766 et
1779 699 1940 768 adfirmat
1963 722 1999 768 se
2020 713 2240 769 servaturum

1246 819 1318 863 esse
1332 796 1401 864 sibi
1416 792 1627 875 Ecclesiam,
1652 797 1746 874 ,sicut
1760 799 1894 889 inquit:
1916 797 2009 868 Ecce
2030 824 2159 870 maneo
2176 826 2240 869 vo-

1248 897 1384 966 biscum
1401 919 1513 987 usque
1531 898 1573 964 ad
1596 900 1935 967 consummationem
1951 901 2071 971 seculi.
2107 898 2188 969 Hac·
2200 912 2234 968 te

1246 1606 1587 1624 *hu—m.
2121 1617 2234 1630 “—

2077 1772 2092 1829 1
2102 1771 2132 1830 3.
2143 1760 2228 1823 Maii.

1993 1835 2221 1879 “w-.-

2172 330 2246 403 906
2340 353 2342 356 ⁴

195 1896 264 1965 iter
280 1899 322 1963 ad
347 1920 409 1964 vos
433 1898 587 1964 lecturus
607 1919 702 1980 suro,
729 1896 810 1988 quia
831 1895 970 1964 decrevi
985 1898 1027 1964 ad
1042 1898 1186 1966 fratrem

195 1996 379 2091 ptolieisci.
429 1994 502 2067 Nec
526 1996 649 2086 procul
673 1996 823 2093 fugiam,
854 1993 931 2064 Dco
959 1996 1120 2080 iuvante,
1152 2010 1187 2078 ct

196 2097 239 2163 de
266 2096 447 2164 doctrinae
470 2097 718 2191 explicatione,
746 2119 834 2189 qum
860 2096 970 2162 estin
995 2097 1081 2164 meis
1099 2097 1186 2164 scri-

194 2196 280 2287 ptis,
310 2210 343 2288 et
370 2199 412 2263 de
438 2196 785 2264 omuibuscousiliis
810 2197 896 2264 meis
922 2198 958 2263 in
985 2191 1184 2287 Republica

194 2308 317 2386 p'otero
334 2293 480 2377 honeste
499 2296 722 2386 respondere.
757 2295 797 2364 ln
814 2292 980 2384 Angliam
998 2319 1098 2388 saepe
1114 2299 1184 2364 iam

197 2411 338 2464 vocatus
354 2422 461 2481 sum,
477 2411 511 2465 et
531 2397 600 2463 alio
618 2410 776 2479 vocatus,
802 2399 862 2464 sed
885 2421 960 2463 non
985 2398 1100 2482 volui,
1126 2392 1185 2468 hic

195 2495 283 2564 oriri
305 2497 433 2563 lamam
457 2495 695 2585 dissipationis
719 2520 831 2563 amca
857 2497 1055 2569 timiditatess
1094 2494 1184 2566 Deo

194 2594 365 2678 adterno,
389 2590 485 2664 Patri
509 2593 654 2663 Domini
684 2597 798 2665 nostri
823 2595 902 2664 lesu
930 2592 1088 2683 Christi,
1119 2623 1185 2682 res,

195 2688 438 2777 et'Ecclisiam
462 2709 495 2765 et
516 2693 807 2785 Rempublicam,
834 2712 867 2765 et
890 2721 948 2763 me
976 2712 1010 2766 et
1033 2713 1184 2765 vestram

193 2796 365 2888 familiam
377 2790 439 2878 ‚et
457 2819 568 2862 meam
588 2799 808 2885 commendo.
859 2795 939 2864 Nou
964 2799 1083 2866 omnia
1101 2823 1186 2888 pro-

195 2888 285 2986 spici
306 2900 349 2964 ab
375 2884 580 2965 hominihus
605 2911 777 2985 possunt,
796 2921 860 2964 nec
876 2897 947 2984 regi
966 2899 1083 2965 omnia
1098 2923 1185 2968 con-

195 2998 282 3067 siliis
298 2994 474 3068 humanis.
527 2993 603 3064 Oro
618 2996 725 3083 igitur
740 2997 876 3079 Deum,
901 3012 941 3066 ut
956 2998 1029 3087 ipse
1046 3021 1110 3065 nos
1128 3023 1185 3066 re-

193 3112 268 3186 gat,
307 3112 339 3166 et
373 3110 486 3165 servet
513 3098 650 3189 aliquos
681 3111 799 3165 coetus
829 3093 995 3190 honestos
1029 3112 1063 3166 et
1096 3099 1185 3188 pios,

193 3199 309 3289 ipsum
327 3199 541 3266 invocantes.
592 3194 720 3265 Coram
737 3198 945 3289 aliquando,
965 3195 1042 3266 Deo
1058 3199 1185 3267 iuvan-

194 3312 247 3380 te,
281 3299 524 3392 colloquemur
549 3298 694 3386 prolixe.
749 3295 846 3368 Bene
869 3299 959 3371 vale.
1009 3296 1077 3368 Die
1103 3296 1184 3373 Xll.

196 3396 300 3472 Maii.

933 3538 1133 3633 Philippus.

208 3949 404 4025 dessssil.

200 4046 413 4083 Μ
471 4138 572 4250 Cpa.
585 4135 903 4266 ‘Meienburgin

297 4294 396 4349 Manlii
409 4296 507 4365 sarrag.
523 4315 549 4366 p.
563 4296 623 4351 356.
710 4376 713 4383 .

1008 4040 1181 4074 m

195 4448 330 4547 Indole
356 4461 396 4541 ¹et
422 4450 551 4522 virtute
575 4438 800 4546 praestanti,
834 4436 1185 4547 Christoplsoro

378 4545 774 4644 Maienburgio*)
799 4549 1027 4660 semisopito,

192 4674 242 4770 S·
263 4701 325 4771 D0·
363 4699 579 4773 Charissime
604 4668 880 4798 Christophdrci
906 4696 1051 4795 ''Et'gin
1075 4702 1184 4770 ‘coelo
1256 4666 1260 4671 Ι
1321 4700 1326 4709 '

194 4802 395 4887 consideres
419 4804 600 4876 interdum
624 4803 719 4891 leges
742 4817 903 4872 motuum
931 4824 1005 4892 esse
1019 4802 1185 4893 :certissi-

192 4924 288 4991 mas,
309 4915 343 4971 et
367 4905 544 4994 teipsum
568 4904 699 4994 aspice:
727 4915 761 4971 et
783 4904 896 4993 cogita
911 4902 1085 4999 impressa
1111 4926 1183 4971 esse

194 5000 387 5099 mentibus
405 4992 592 5075 hominum
627 5003 790 5091 vestigia,
822 5026 915 5095 quae
937 5016 1117 5086 <testantur
1150 5016 1185 5071 et

196 5101 406 5174 esse-Deum
435 5106 595 5197 opificem
618 5105 993 5199 universae'.‚naturae,
1018 5116 1184 5180 'etserva-

206 5268 434 5295 m
464 5280 468 5285 -
540 5262 543 5271 ⁴

207 5321 258 5425 a)
278 5357 316 5410 lta
337 5334 487 5478 apographa
508 5339 535 5411 in
556 5323 637 5412 codd.
659 5359 772 5413 Monac.
790 5354 834 5412 89.
852 5376 902 5411 no.
916 5357 964 5411 Vl.
982 5377 1009 5430 p.
1028 5360 1066 5414 60
1082 5360 1186 5419 0190..

261 5445 307 5480 no.
325 5428 346 5478 V
363 5427 384 5481 l.
400 5447 427 5498 p.
439 5427 525 5492 tub,
561 5426 695 5481 Manlius:
711 5427 935 5495 „christophoro
951 5427 991 5481 M.
1000 5427 1017 5452 ”

1448 1925 1632 2042 Georgia
1659 1931 1800 2020 Princ.
1828 1934 2015 2017 Anlral.

1307 2082 1394 2155 Epist.
1407 2085 1457 2139 tit.
1473 2084 1506 2138 ll.
1525 2104 1551 2157 p.
1568 2087 1628 2141 ³10.
1647 2086 1700 2155 (ed.
1718 2089 1791 2144 Lnd.
1811 2089 1858 2144 lib.
1871 2089 1907 2145 ll.
1926 2109 1969 2163 ep.
1986 2091 2066 2159 1983.

1365 2232 1419 2309 D.
1448 2230 1652 2331 Georgia
1677 2234 1855 2335 Principis
1872 2241 1911 2310 in
1938 2196 2102 2310 Anhati'
2183 2210 2186 2217 ι

1236 2362 1278 2451 S.
1306 2383 1351 2452 D.
1402 2383 1640 2452 lllustrissime
1662 2399 1696 2455 et
1719 2384 2026 2469 Reverehdissime
2047 2385 2226 2474 Princeps.

1236 2483 1311 2552 Deo
1331 2485 1474 2552 iuvante
1490 2509 1697 2575 componam
1715 2488 1910 2555 orationem
1927 2488 2225 2556 accommodatam
2318 2522 2324 2530 ·

1236 2584 1279 2650 ad
1305 2581 1489 2675 Synodum
1506 2577 1568 2676 .*),
1603 2599 1638 2652 et
1658 2586 1796 2656 mittam
1816 2588 1853 2657 in
1876 2589 1973 2657 fer'iis
1994 2587 2228 2669 Pentecostes,

1236 2683 1305 2750 nisi
1322 2684 1390 2751 iter
1407 2685 1550 2776 aliquod
1567 2686 1725 2754 subitum
1740 2712 1795 2754 me
1811 2688 1989 2777 impediet.
2022 2687 2225 2775 Argumen-

1236 2797 1312 2853 tum
1327 2784 1394 2852 crit
1410 2784 1593 2872 explicatio
1610 2785 1712 2868 dicti,
1738 2789 1942 2877 quod‘extat
1960 2790 2052 2878 apud
2069 2785 2225 2868 Esaiam,

1236 2884 1280 2949 de
1302 2885 1419 2951 studio
1444 2884 1642 2968 doctrinae,
1674 2899 1709 2954 et
1731 2889 1774 2967 de
1796 2884 1964 2958 Ecclesia.
2015 2886 2141 2956 Esaiae
2163 2880 2224 2958 51.

1236 2975 1352 3050 Posui
1377 2980 1483 3050 verba
1511 3007 1590 3051 mea
1618 2983 1657 3051 in
1682 3007 1741 3053 ore
1765 2995 1844 3067 tuo,
1873 2996 1905 3056 et
1932 2985 2062 3071 umbro
2089 3006 2224 3054 manus

1235 3103 1335 3151 meae
1358 3090 1509 3177 protego
1526 3092 1585 3169 te,
1613 3091 1652 3152 ut
1670 3083 1818 3180 plantes
1834 3083 1960 3162 coelos.
2011 3087 2224 3158 Dulcissimo

1237 3184 1408 3252 sententia
1423 3197 1493 3268 est,
1519 3186 1845 3272 etconsotationem
1867 3190 2039 3277 egregiam
2056 3187 2226 3257 continet.

1236 3281 1393 3354 Decessit
1411 3296 1493 3353 ante
1516 3304 1646 3375 paucos
1661 3286 1735 3355 dies
1753 3311 1793 3356 ex
1811 3285 1876 3359 h'ac
1890 3290 1963 3358 vita
1979 3290 2036 3357 vir
2054 3288 2225 3356 excellens

1236 3384 1396 3472 ingenio,
1422 3385 1552 3454 virtute
1574 3399 1608 3454 et
1630 3388 1830 3457 eruditione
1845 3388 1979 3460 Ductor
1992 3383 2226 3480 Augustinus

1236 3478 1400 3651 Schugpss
1425 3485 1524 3552 cuius
1544 3485 1633 3552 filias
1646 3483 1859 3557 Celsitudini
1876 3488 2023 3559 Vestrae
2043 3510 2224 3558 commen·

1237 3585 1294 3650 do.
1375 3596 1428 3651 ost
1443 3598 1573 3672 paucos
1591 3585 1666 3652 dies
1684 3587 1728 3652 ad
1744 3585 2003 3658 illustrissimos
2025 3591 2150 3657 fratres
2166 3610 2225 3654 ve-

1236 3695 1327 3768 stros
1343 3683 1553 3774 proficiscar.
1603 3681 1658 3752 De
1673 3682 1814 3776 Repub.
1831 3703 2003 3782 quantum
2021 3712 2118 3758 nunc
2139 3687 2226 3756 scie·

1236 3785 1342 3879 bam,
1368 3783 1492 3873 scripsi
1517 3783 1555 3850 in
1581 3786 1716 3873 pagella
1744 3811 1849 3880 quam
1873 3786 1929 3857 his
1954 3788 2065 3858 literis
2091 3788 2224 3856 addidi.

1237 3881 1448 3971 Significaho
1472 3896 1508 3953 et
1529 3885 1713 3976 deinceps,
1746 3889 1914 3981 quicquid
1938 3890 2142 3958 intellexero
2170 3888 2225 3954 di·

1237 4006 1347 4072 gnum
1369 3996 1525 4057 narratu.
1577 3983 1673 4055 Bene
1698 4001 1732 4056 et
1752 3988 1901 4059 feliciter
1917 3991 2031 4060 valeat
2046 3989 2137 4061 Cels.
2154 3986 2226 4056 Ve-

1237 4099 1319 4199 stra.
1369 4081 1438 4154 Die
1454 4085 1511 4157 ts.
1524 4083 1629 4159 Maii.

2052 4548 2224 4576 Μ

1445 4636 1448 4641 ’
1513 4627 1574 4713 Α.
1602 4626 1952 4743 Heideabergio.

1256 4792 1261 4811 .
1305 4785 1389 4870 spu.
1407 4788 1442 4842 aa
1459 4787 1649 4862 naraasog.
1668 4807 1711 4862 ep.
1725 4789 1771 4848 so.

1401 4937 1457 5015 D.
1482 4935 1677 5010 Alberto
1701 4938 2043 5036 Hordebergio.
2098 5006 2102 5011 .

1234 5062 1277 5159 S·
1305 5083 1348 5156 D.
1399 5083 1480 5155 Non
1494 5109 1571 5156 sum
1588 5086 1721 5167 oblitus
1738 5100 1877 5156 nostrae
1894 5086 2160 5155 consuetudinis
2177 5100 2231 5155 at-

1234 5209 1304 5279 que
1335 5186 1526 5271 amicitiae,
1559 5199 1662 5278 teque
1687 5187 1870 5256 absentem
1898 5200 1933 5255 et
1948 5210 2039 5254 -amo
2070 5198 2111 5255 et·
2130 5208 2260 5293 saepe‘

1268 5424 1392 5496 ousia
1411 5425 1493 5481 aua
1511 5390 1648 5496 eque
1665 5425 1736 5479 anca
1755 5423 1782 5479 a.
1800 5423 1827 5480 o.
1843 5422 1909 5480 ou.
1931 5421 2008 5477 1⁵49.
2027 5421 2138 5492 tegam.
