4882 6426
715 339 985 419 ANNALES
1019 337 1364 418 VITAEMEL.
1417 340 1548 420 1548.
2058 368 2145 425 xvn

131 456 218 630 Fetbfir.
248 550 428 619 Malauthort
442 559 574 619 smaltis
588 555 813 638 reprehenditur
831 570 1005 640 propterea,
1031 556 1115 641 prad
1128 566 1229 616 manet
1242 558 1277 616 in
1290 550 1456 617 Academia
1468 551 1687 634 Vitabergensi.

161 681 217 745 17.
250 672 355 738 Tradit
368 679 401 735 in
417 674 520 736 schola
535 675 700 736 doctrinam
715 677 751 735 de
767 681 951 758 poenitentia
967 675 1106 739 adversus
1120 673 1235 736 decreta
1245 671 1474 736 Pontifioiorum
1488 670 1646 736 Bononiae
1660 676 1694 735 in
1707 664 1837 736 concilio
1852 674 1940 750 lacta,
1961 690 1991 740 et
2004 679 2142 741 libellum

298 779 466 858 germanica
478 781 583 858 lingua
598 781 742 859 scriptum
758 800 792 839 ea
806 779 844 839 de
863 801 895 840 re
912 779 1044 839 editurus
1058 790 1112 838 est.

115 976 118 981 ᾗ
247 889 374 955 Enarmt
389 898 548 955 sententies
564 891 745 959 Salomonis.

158 1003 217 1068 20·
247 1008 393 1072 Hortatur
409 1007 616 1072 Marchionem
631 1009 800 1074 Electorem
814 1035 868 1095 per
884 1009 1049 1096 Georgium
1061 1009 1328 1090 Buchholzerum‚
1353 1022 1388 1072 ut
1402 1012 1525 1091 inopiae
1538 1009 1649 1071 'viduae
1660 1004 1791 1072 Luthari
1810 1013 1977 1076 subveniat.

157 1114 216 1184 24·
247 1116 418 1200 Mauritius,
441 1123 517 1189 Dux
532 1125 659 1206 Saron,
682 1143 796 1191 creatur
810 1128 931 1193 Elector
945 1153 962 1192 c
979 1130 1089 1194 Carolo
1103 1126 1287 1214 Imperatore
1301 1131 1333 1190 in
1349 1124 1488 1191 Comitiis
1503 1125 1701 1210 Augustauis.

158 1240 218 1303 26·
247 1243 433 1306 Dialecticen
445 1248 558 1326 mittit,
580 1251 676 1330 qualis
691 1270 772 1311 nuno
789 1253 877 1312 tertio
894 1250 973 1312 edita
988 1263 1041 1312 est.

129 1363 217 1430 biart.
1008 1374 1011 1381 ·

182 1485 216 1551 6·
249 1495 382 1558 Excusat
395 1518 445 1575 se,
471 1499 555 1581 quod
571 1501 707 1562 noudum
722 1504 872 1584 scripserit
884 1503 921 1563 ad
938 1498 1082 1562 Ioannem
1096 1499 1121 1562 F
1122 1501 1282 1561 tidericum
1297 1501 1461 1581 captivum.

185 1606 218 1667 7·
250 1611 380 1693 Scribit,
410 1615 563 1700 quomodo
579 1620 706 1680 sananda
723 1622 761 1681 sit
775 1619 908 1681 foemina
924 1640 941 1679 a
955 1623 1063 1701 spiritu
1076 1622 1157 1679 malo
1175 1630 1290 1679 vexata.

162 1724 218 1785 17·
250 1729 375 1795 Carolus
388 1728 556 1815 Imperator
571 1741 669 1817 poscit
684 1757 701 1796 a
714 1734 870 1817 Macrino,
896 1735 945 1799 Pr.
961 1736 1118 1817 Eleotcre,
1141 1749 1175 1798 ut
1187 1734 1366 1798 Melanthon
1381 1736 1439 1816 ipsi
1455 1732 1596 1811 tradatur,
1624 1733 1708 1817 quod
1719 1734 1869 1817 scripserit
1883 1735 2022 1798 adsersus
2038 1732 2147 1797 Caesa·

299 1854 380 1895 ream
395 1831 590 1898 Maiestatem.

161 1954 216 2019 25.
249 1950 427 2013 Melanthon
441 1949 577 2014 Mauritii
594 1949 688 2015 Elect.
704 1956 844 2015 mandato
861 1969 984 2018 vocatus
999 1971 1054 2032 est,
1079 1968 1113 2017 ut
1130 1977 1199 2016 cum
1215 1953 1388 2034 Cruoigero,
1416 1949 1531 2013 Maiore
1548 1967 1577 2014 et
1595 1950 1797 2033 Pfeffingero,
1820 1952 1964 2037 theologo
1982 1949 2148 2036 Lipsiensi,

300 2051 455 2137 Cygneam
469 2059 691 2135 proficiscatur,
718 2078 779 2139 quo
795 2052 954 2119 Mauritius
969 2079 1005 2119 eo
1020 2060 1141 2120 litoilius
1156 2059 1317 2118 deliberare
1332 2058 1427 2137 possit
1445 2077 1515 2114 cum
1531 2059 1567 2116 iis
1582 2054 1619 2116 da
1634 2058 1712 2116 libro
1728 2050 1864 2116 Interim.

159 2169 217 2230 28.
248 2165 375 2232 loannes
390 2169 552 2252 Agricola,
579 2175 690 2234 librum
704 2169 845 2254 Interim,
872 2177 907 2235 ab
924 2181 991 2256 ipso
1008 2197 1077 2236 cum
1090 2178 1156 2236 aliis
1171 2179 1427 2250 consarcinatum,
1452 2177 1543 2253 pleno
1562 2196 1613 2234 ora
1629 2173 1788 2254 praedicat.

163 2283 221 2347 29ss
248 2283 285 2348 ln
300 2291 407 2348 itinere
424 2311 493 2349 cum
507 2291 658 2371 theologis
672 2284 857 2372 Altenburgi
870 2305 923 2353 est.
976 2288 1025 2353 lbi
1041 2294 1069 2352 ei
1086 2295 1239 2387 nuntiatur
1254 2298 1299 2353 ira
1314 2290 1459 2369 Caesaris,
1485 2295 1536 2352 cui
1553 2304 1586 2352 ut
1603 2313 1634 2352 so
1649 2290 1835 2362 subduceret,
1852 2289 2009 2351 discedite
2025 2287 2147 2350 theolo-

299 2392 364 2470 gis,
390 2403 420 2452 et
435 2394 519 2454 iussu
537 2389 671 2455 Mauritii
685 2412 718 2455 se
732 2395 849 2454 oont'ert
870 2397 903 2454 in
919 2396 1134 2457 monasterium
1148 2391 1315 2457 Celleusam
1330 2400 1363 2456 iu
1378 2392 1499 2458 Misuia.

125 2518 218 2603 April

184 2646 216 2706 1.
249 2638 452 2704 Melanthouis
471 2645 619 2706 iudicium
634 2647 767 2727 primum
784 2638 821 2704 de
837 2645 914 2704 libro
931 2638 1065 2704 Interim.
1108 2722 1109 2727 η

183 2763 217 2822 2.
249 2753 449 2821 ProficIscitur
463 2758 588 2822 Cellam.

184 2875 216 2938 6·
248 2872 303 2936 Est
317 2873 464 2954 Misuiae,
489 2880 542 2938 ubi
559 2874 687 2939 Senatus
701 2881 730 2938 ei
744 2875 794 2939 dat
811 2899 942 2940 currum.

161 2995 217 3055 10.
250 2988 377 3055 Scribit:
407 2994 474 3071 „de
488 3016 537 3055 me
553 2994 688 3055 tollendo
704 2999 765 3056 iam
781 3009 826 3057 ter
841 2997 1037 3057 deliberatum
1052 2992 1125 3055 ost.'’

162 3110 216 3171 18·
249 3105 345 3170 Mittit
359 3106 519 3191 Cruoigero
535 3123 565 3172 et
582 3115 704 3191 collegis
719 3115 866 3175 iudicium
880 3113 1044 3176 secundum
1060 3111 1096 3170 de
1110 3112 1187 3171 libro
1206 3104 1347 3187 Interim,
1374 3110 1411 3169 ad
1425 3104 1602 3170 Mauritium
1617 3111 1887 3171 transmittendum.

162 3227 217 3287 tt.
250 3222 365 3287 Cellam
378 3230 503 3289 veniunt
519 3233 610 3289 etiam
627 3225 786 3311 Cruoiger,
812 3229 910 3293 Maior
923 3243 952 3292 et
965 3228 1180 3308 Pl'effingerus,
1205 3239 1239 3286 ut
1252 3230 1428 3286 sententiam
1447 3248 1531 3287 stram
1545 3225 1582 3287 de
1595 3223 1720 3289 Interim
1736 3227 1885 3306 prolixius
1901 3231 2095 3292 conscribant.

249 3339 373 3402 Brentio
390 3346 510 3407 scribit:
538 3395 558 3424 ,‚
567 3368 622 3428 ego
637 3367 731 3408 annos
745 3352 860 3409 circiter
878 3350 1048 3432 quindecim
1063 3349 1154 3406 exilia
1168 3343 1303 3426 quotidie
1317 3347 1474 3426 expectavi
1490 3359 1518 3405 et
1532 3345 1630 3406 adhuc
1644 3336 1809 3426 expecto-'’'

248 3456 349 3521 Cellae
368 3461 584 3541 praestationem
596 3466 698 3526 scribit
712 3468 745 3525 in
762 3463 848 3527 Pauli
864 3464 955 3527 Eberi
970 3466 1125 3526 historiam
1141 3467 1238 3543 gentis
1252 3457 1432 3522 ludaeorum
1446 3461 1516 3522 indo
1533 3463 1569 3521 ab
1584 3464 1679 3523 exilio
1701 3484 1795 3546 usque
1810 3462 1848 3522 ad
1863 3464 2016 3526 excidium
2033 3463 2147 3525 Hiero-

298 3565 496 3643 solymorum.

159 3674 216 3736 23.
248 3674 373 3739 Gratum
390 3681 526 3741 animum
546 3685 702 3762 profitetur
717 3705 786 3765 erga
800 3681 1082 3765 Obernhurgerum,
1109 3678 1241 3744 Caesaris
1259 3676 1497 3756 Cancellarium,
1524 3683 1577 3762 qui
1600 3682 1628 3738 ei
1650 3681 1836 3760 periculum,
1862 3679 2017 3744 aCaasare
2041 3684 2146 3744 immi-

296 3802 389 3859 nens,
415 3784 640 3861 significaverat.

157 3871 214 3944 24ss
248 3890 396 3958 Iudicium
410 3901 533 3960 tertium
547 3899 584 3960 de
598 3903 676 3962 libro
695 3898 874 3984 Augustano
890 3903 927 3964 ad
943 3899 1121 3965 Mauritium
1135 3902 1273 3961 mittitur.

245 4008 423 4076 Melanthon
438 4013 649 4100 Witebergam
663 4019 761 4080 rediit.

155 4126 211 4188 28·
246 4128 358 4193 Scribit
378 4136 536 4214 epistolant
551 4157 672 4217 gravem
688 4137 726 4198 ad
740 4134 994 4219 christophorum
1009 4158 1025 4196 a
1041 4096 1200 4198 Carlowitz
1216 4132 1253 4192 de
1269 4129 1391 4193 tuton·
1407 4141 1511 4190 natura
1532 4143 1561 4190 et
1578 4130 1698 4209 indole,
1727 4144 1848 4213 propter
1871 4153 1962 4216 quam
1984 4148 2085 4215 postea
2108 4139 2145 4196 ab

296 4233 420 4297 adseclis
437 4230 568 4298 Lethaei
586 4239 684 4300 distet
700 4239 1121 4320 graviterreprehendobatur·
1175 4301 1176 4304 ,

155 4335 212 4399 29·
246 4344 358 4411 Scribit
372 4351 409 4411 de
423 4353 629 4414 iurisdictione
643 4351 803 4437 Episcopis
819 4355 1008 4418 restituenda.

244 4463 380 4529 Erhardo
395 4464 558 4552 Schnapfio
574 4493 686 4532 munus
701 4473 933 4534 ecclesiasticum
948 4473 1057 4532 alicubi
1074 4471 1200 4554 quaerit.

136 4586 211 4651 Maii
237 4633 241 4640 .

177 4713 211 4774 8.
243 4698 340 4764 Mittit
354 4705 477 4766 initium
496 4708 700 4768 enarrationis
715 4705 845 4782 symboli
859 4703 972 4770 tinent.

151 4831 207 4891 12,
242 4816 354 4881 Metuit
367 4823 426 4882 sibi
438 4827 487 4883 vel
500 4844 645 4884 carcerem
659 4827 853 4885 velexilium.
905 4822 1033 4885 Scribit:
1060 4815 1126 4897 „In
1144 4815 1286 4897 Angliam
1304 4835 1391 4896 saepe
1407 4819 1466 4875 iarn
1483 4829 1605 4877 vocatus
1620 4840 1697 4895 sum,
1725 4824 1828 4879 etalio
1847 4834 1986 4899 vocatus;
2011 4825 2063 4885 sed
2078 4846 2141 4884 non

292 4925 380 4983 volui
393 4922 445 4984 hio
458 4928 530 4986 oriri
545 4924 656 4986 lamam
669 4926 873 5007 dissipationis
889 4948 907 4987 a
921 4947 988 4987 mea
1001 4918 1187 4985 timiditate.''

153 5027 208 5090 13·
241 5032 353 5100 Scribit
371 5034 502 5122 Georgio
515 5039 684 5105 Anhaltim
700 5047 866 5106 orationem
879 5042 1070 5119 synodicum,
1096 5059 1188 5122 quant
1202 5040 1230 5097 ei
1246 5039 1338 5097 mittit
1354 5034 1383 5094 d.
1403 5040 1459 5101 23.
1477 5031 1562 5095 Maii.

151 5140 207 5207 15·
240 5153 394 5238 Theolcgl
405 5155 663 5242 Wittebsrgeuses
677 5161 811 5224 iudicant
827 5163 864 5223 de
879 5164 1005 5222 artIculo
1021 5165 1052 5220 iu
1069 5159 1173 5219 libello
1188 5150 1313 5214 Interim
1327 5152 1363 5212 de
1378 5152 1596 5212 iustificatione.

240 5270 346 5336 Caesar
360 5278 393 5334 iu
408 5279 538 5340 comitiis
552 5275 740 5360 augustanis
752 5281 841 5342 tradit
855 5282 968 5343 librum
985 5272 1109 5337 Interim
1125 5271 1293 5336 Ordinibus
1309 5273 1437 5352 imperii.

149 5393 205 5456 26.
239 5390 344 5453 Prodit
358 5397 391 5454 in
404 5397 502 5455 lucem
517 5399 593 5458 liber
609 5392 744 5462 Interim.
768 5431 818 5445 —
869 5395 1055 5461 Camerarius
1079 5398 1189 5454 iterum
1210 5405 1254 5453 est
1272 5387 1406 5471 Lipsiae.
1457 5384 1635 5477 Melanthos
1655 5392 1820 5449 multorum
1842 5390 1938 5450 literis
1958 5400 2080 5452 vocum
2103 5390 2149 5451 in'

288 5492 443 5575 Angliam.

99 5587 279 5656 Mrssrmn
294 5592 399 5661 Orsa.
425 5594 507 5660 Vos..
523 5592 582 5662 VI.
1095 5642 1101 5651 κ
1402 5610 1421 5655 ⁰
