4882 6426
191 313 269 395 629

461 655 592 743 Micio.
611 654 930 769 Meienburgio

263 818 351 891 Epist.
366 816 415 874 lib.
428 819 462 876 V.
479 835 507 889 p.
521 819 572 874 ⁵95
586 838 629 892 eq.

218 972 466 1050 Michaeli
488 972 844 1072 Meienburgio,
878 971 1174 1086 consulilllorih.

196 1114 243 1207 S.
261 1128 306 1201 D.
360 1125 503 1200 Gratias
525 1129 629 1199 vobis
651 1150 735 1219 ago,
771 1131 866 1223 quod
889 1131 1075 1202 literarum
1094 1129 1200 1200 lasci-

196 1233 319 1306 culum
336 1227 427 1300 mihi
441 1231 599 1306 misistis.
648 1228 729 1302 Etsi
745 1245 862 1302 autem
882 1232 974 1320 scio,
992 1226 1200 1324 'reprehen-

196 1337 246 1421 di,
272 1335 367 1427 quod
385 1328 454 1403 buc
470 1334 609 1420 accessi,
634 1346 754 1403 tamen
770 1334 820 1405 ita
831 1335 961 1404 multae
977 1358 1101 1406 causae
1115 1358 1200 1425 pro-

195 1437 334 1509 babiles
352 1450 587 1520 concurrunt,
618 1449 660 1505 ut
676 1436 735 1504 vix
752 1437 855 1506 aliter
876 1436 990 1507 sacere
1012 1436 1200 1528 potuerim.

196 1537 452 1623 Promiseram,
476 1563 533 1608 me
548 1540 593 1608 ad
602 1531 853 1607 Anhallinum
862 1534 886 1631 ¹)
902 1554 1092 1610 venturum
1108 1561 1199 1624 esse,

195 1641 326 1714 deinde
347 1654 515 1711 attractus
536 1664 614 1712 sum
636 1633 831 1737 Lipsiam,
864 1655 1008 1712 vocatus
1023 1640 1200 1732 Principis

196 1744 321 1817 literis.
373 1739 466 1813 Cum
489 1767 530 1813 eo
546 1743 740 1829 venissem,
770 1743 922 1834 petitum
938 1758 990 1814 est
1010 1766 1030 1812 a
1050 1767 1126 1828 me,
1157 1756 1200 1813 ut

197 1846 238 1916 in
253 1844 482 1915 Academiam
506 1845 581 1914 eius
595 1845 697 1915 urbis
718 1845 917 1934 migrarem.
966 1844 1078 1915 Plane
1098 1869 1200 1915 recu·

197 1948 285 2021 savi.
336 1945 468 2017 Fuerat
480 1960 597 2016 autem
612 1947 722 2038 petita
736 1948 943 2019 instauratio
956 1944 1201 2019 nostraeAca-

199 2048 338 2120 demine
360 2064 442 2118 ante
465 2073 584 2118 meum
605 2051 817 2135 adventum,
849 2074 955 2143 quam
972 2061 1068 2119 certo
1087 2048 1197 2140 impe·

199 2152 355 2234 diissem,
376 2152 470 2218 sime
486 2144 556 2219 huc
572 2151 771 2220 rediturum
790 2174 862 2220 esse
878 2175 1068 2242 negassem.
1095 2148 1200 2222 Nunc

198 2252 467 2323 instaurationis
483 2274 560 2342 spes
574 2265 636 2336 est,
649 2245 721 2329 ¹sed
737 2253 781 2321 de
797 2254 970 2324 reditibus
985 2249 1101 2323 adhuc
1118 2268 1201 2325 sunt

199 2356 493 2438 deliberationes,
516 2377 606 2447 quae
622 2354 661 2422 in
670 2349 775 2423 Aulis
787 2355 949 2425 difficiles
964 2368 1056 2427 sunt.
1084 2352 1201 2441 Certe,

199 2459 269 2528 nisi
285 2452 372 2527 haec
387 2450 579 2527 Academia
594 2457 815 2543 restituetur,
847 2479 976 2548 magna
994 2458 1061 2528 erit
1075 2459 1113 2527 in
1128 2456 1200 2529 Ec-

201 2559 316 2641 clesiis
332 2558 535 2643 barbaries,
561 2582 668 2651 quam
685 2556 781 2629 Deus
798 2555 996 2651 prohibeat.

299 2674 377 2769 Ego
389 2674 448 2747 hic
463 2677 720 2760 commorabor,¹
735 2675 1072 2750 donecDialecticen
1083 2679 1201 2748 absul-

198 2806 301 2862 eero‚
318 2806 430 2875 quam
444 2804 549 2883 spero
566 2780 691 2849 utilem
704 2781 779 2850 sore
797 2781 921 2851 vestris
937 2783 1031 2855 filiis.
1061 2780 1201 2854 Deinde

199 2884 246 2954 ad
262 2908 343 2969 vos,
367 2883 444 2954 Deo
463 2884 628 2967 iuvante,
657 2883 794 2953 redibo.

1019 487 1192 614 ees

299 3011 756 3103 DmDoctorIMutthaeo,
781 3017 860 3088 viro
874 3020 1027 3111 optimo.
1052 3021 1221 3107 salutemv

200 3116 297 3214 opto.
348 3120 390 3193 Si
415 3122 513 3190 dedit
533 3119 720 3212 pecuniam
744 3144 842 3188 meae
863 3122 966 3190 uxori
978 3121 1201 3190 Wimariam

201 3225 353 3310 allatam,
378 3224 540 3315 praecepi
554 3248 631 3294 eam
647 3223 760 3295 reddi.
786 3248 799 3273 ·
813 3220 891 3297 Etsi
903 3219 1019 3309 adhuc
1027 3225 1202 3293 incertum

202 3340 271 3412 est,
302 3327 366 3396 ubi
382 3328 450 3395 sim
466 3351 674 3408 mansurus,
709 3324 792 3394 misi
805 3327 854 3400 ⁴ad
872 3349 933 3395 vos
948 3327 1066 3396 virum
1088 3321 1202 3395 hone-

199 3443 313 3515 stum,
338 3422 539 3522 Georgium
555 3428 601 3503 N.
616 3426 646 3525 ²)
663 3430 723 3522 qui
741 3427 896 3497 se'offert
912 3431 956 3498 ad
975 3429 1201 3498 serviendum

197 3527 378 3602 Ecclesiae
393 3546 540 3602 vestrae.
591 3529 688 3598 Bene
708 3529 832 3596 valete.
879 3527 1066 3598 Familiam
1087 3553 1203 3597 meam

200 3632 306 3703 vobis
328 3631 549 3704 commendo.
612 3627 680 3698 Die
699 3627 898 3703 Laurentii.
955 3628 1096 3702 Nuncio
1120 3629 1204 3698 dedi

197 3733 410 3806 mercedem.

716 3827 907 3925 Philippus
926 3826 1153 3908 Melanthon.

1025 4164 1197 4289 Q

520 4333 638 4418 Dan.
660 4327 883 4418 Graesero.

274 4501 410 4556 Strobelii
427 4495 704 4569 Melaucbtbouiana,
727 4511 753 4566 p.
776 4497 837 4554 tto,
887 4488 1074 4568 hpogrephorr
1093 4494 1123 4550 in
1142 4496 1204 4553 eod.

308 4569 392 4625 Goth.
406 4568 465 4622 19⁰.
486 4586 514 4639 p.
525 4565 587 4621 225.

203 4719 431 4802 Venerando
451 4721 546 4807 viru,
578 4715 780 4791 eruditione
795 4727 827 4790 et
843 4716 971 4789 virtute
983 4714 1205 4816 praestanti,

202 4823 318 4899 Dum.
340 4821 548 4895 Danieli
566 4817 788 4909 Graeser,
819 4819 965 4920 pastori
986 4816 1106 4897 eccles.
1124 4815 1206 4890 Dei

265 4931 305 5000 in
323 4923 458 5027 oppido
482 4921 696 5012 Dresda,
721 4922 840 4995 amieo
855 4947 923 4994 suo
941 4920 1144 4998 carissimo.

200 5060 425 5151 Venerande
441 5075 586 5146 domine
599 5089 719 5168 pastor
729 5090 760 5147 et
777 5075 887 5145 amice
902 5074 1089 5149 carissime.
1111 5071 1203 5145 Cum

201 5182 298 5253 inter
323 5204 389 5250 nos
411 5179 457 5250 sit
481 5192 582 5249 vetus
606 5178 762 5248 amicitia
783 5191 817 5248 et
842 5191 988 5270 propter
1021 5175 1203 5248 ecclesiam

176 5488 182 5500 .
236 5445 266 5512 1)
288 5440 459 5509 Georgium,
478 5437 608 5512 Episcop.
620 5436 792 5508 Merseburg.

235 5530 265 5602 2)
283 5529 386 5599 θεοῖς.
399 5530 480 5598 Stel,
498 5526 553 5583 rid.
565 5524 644 5600 epist.
658 5525 691 5579 ad
707 5523 828 5580 Meienb.
848 5527 877 5578 d.
891 5522 936 5582 et.
950 5523 1024 5592 Aue.
1038 5521 1117 5580 1547.

792 306 1229 390 EPISTOLARUM
1279 311 1385 391 ΜΒ.
1409 310 1457 392 X.
1510 310 1641 394 1647.

2177 321 2256 401 630

1255 512 1338 560 vera
1353 483 1381 577 ¹)
1405 500 1439 559 et
1460 501 1630 582 perpetua
1650 489 1852 563 animorum
1878 490 2083 568 coniunctio
2098 517 2173 568 esse
2192 497 2255 568 de-

1254 591 1337 663 beat
1352 586 1402 686 ²),
1435 614 1518 680 oro,
1543 605 1585 662 ut
1598 615 1656 678 ea,
1681 618 1772 688 quae
1791 595 1987 688 scripturus
2002 620 2100 685 sum,
2131 598 2254 670 itaae-

1254 692 1382 786 cipias,
1414 717 1460 762 ne
1475 693 1671 780 existimes,
1705 720 1763 766 me
1776 720 1914 769 sumere
1928 693 2018 769 mihi
2032 700 2169 794 aliquid
2187 724 2254 772 au·

1252 795 1424 865 ctoritatis
1438 795 1476 863 in
1491 809 1551 866 tua
1568 796 1725 872 ecclesia.
1776 797 1847 870 Sed
1863 812 1999 873 tantum
2007 797 2036 896 ³)
2051 825 2116 894 pro
2131 815 2253 874 nostra

1253 897 1503 968 coniunctione
1524 923 1640 969 meam
1662 900 1872 971 sententiam
1897 902 1965 973 tibi
1990 927 2165 996 exponere
2188 906 2252 975 de-

1252 1000 1358 1074 crevi.
1407 997 1547 1070 Deinde
1562 1026 1647 1071 vero
1668 1002 1832 1073 ecclcsiae
1847 1015 1927 1073 tuae
1942 1005 2087 1075 nomine
2101 1030 2176 1077 rem
2192 1028 2251 1076 re-

1251 1117 1334 1193 peto
1360 1098 1544 1172 honestam
1569 1116 1602 1174 et
1622 1098 1691 1173 hoc
1716 1117 1874 1196 tempore
1890 1107 1993 1175 valde
2014 1107 2151 1181 utilem.
2201 1103 2250 1178 Et

1253 1229 1294 1274 ex
1311 1215 1371 1275 tua
1392 1204 1553 1276 oratione
1571 1218 1606 1275 et
1626 1205 1830 1276 narratione
1848 1200 2182 1280 honestissimorum
2194 1209 2251 1291 ri-

1251 1331 1374 1376 rorum
1396 1301 1666 1376 Dresdensium
1690 1307 1903 1378 Senatorum
1930 1309 2110 1396 intellexi,
2150 1325 2184 1381 te
2208 1334 2251 1380 ex

1252 1403 1308 1479 his
1334 1408 1538 1498 regionibus
1561 1410 1739 1479 discedere
1759 1408 1861 1479 velle.
1921 1409 2031 1500 Quod
2053 1435 2134 1485 cum
2156 1411 2250 1487 cives

1252 1511 1306 1581 tui
1320 1524 1655 1597 commemorarent,
1681 1510 1787 1581 simul
1802 1512 2053 1599 ostenderunt,
2079 1527 2113 1584 et
2129 1536 2203 1584 sese
2217 1510 2250 1610 ⁴)

1252 1626 1287 1683 et
1306 1612 1510 1683 universam
1533 1613 1711 1689 civitatem
1732 1612 1834 1682 valde
1857 1627 1995 1705 optare,
2033 1629 2076 1687 ut
2096 1639 2252 1701 maneas,

1253 1727 1320 1784 eta
1340 1738 1397 1784 me
1417 1715 1638 1806 petiverunt,
1671 1728 1711 1785 ut
1733 1736 1816 1785 suae
1836 1716 1999 1785 ecclesiae
2013 1717 2159 1787 nomine
2175 1731 2208 1788 te
2220 1714 2250 1814 ⁵)

1252 1841 1408 1902 orarem,
1441 1841 1486 1885 ne
1512 1817 1680 1890 discedas.
1730 1812 1809 1886 Etsi
1832 1829 1950 1888 autem
1975 1818 2041 1888 tibi
2061 1844 2136 1888 non
2153 1821 2251 1890 deest

1251 1919 1440 1988 consilium
1463 1933 1497 1989 et
1517 1918 1715 1989 voluntates
1737 1912 1926 1990 hominum
1958 1914 2064 1988 isthic
2095 1925 2251 1992 notiores

1250 2020 1322 2091 sint
1338 2021 1522 2114 tibiquam
1531 2015 1632 2105 mihi,
1655 2034 1775 2092 tamen
1787 2020 1994 2111 opinionem
2010 2045 2124 2091 meam
2141 2022 2251 2111 signi-

1251 2123 1424 2193 ficandam
1460 2122 1527 2191 tibi
1560 2145 1633 2191 esse
1656 2122 1753 2194 duxi.
1810 2120 1966 2192 Mutatio
1990 2123 2084 2212 boni,
2100 2125 2251 2215 pastoris

1252 2249 1391 2317 semper
1413 2223 1612 2316 perniciosa
1632 2235 1701 2308 est,
1740 2223 1890 2292 maxime
1912 2248 1997 2294 vero
2021 2248 2135 2309 nunc,
2168 2250 2248 2295 curn

1253 2341 1333 2418 post
1356 2326 1490 2396 bellum
1515 2325 1695 2395 difficilior
1714 2324 1760 2394 sit
1783 2324 2005 2414 gubernatio.
2055 2323 2250 2397 Retineudi

1253 2441 1336 2498 sunt
1357 2428 1396 2497 in
1412 2428 1563 2498 statione
1582 2428 1669 2496 boni
1685 2426 1772 2511 viri,
1804 2427 1867 2520 qui
1883 2427 2050 2497 viciniam
2067 2421 2098 2521 Θ)
2121 2443 2155 2499 et
2171 2451 2252 2498 sen-

1253 2554 1311 2601 sus
1334 2530 1466 2599 civium
1486 2543 1639 2614 norunt;
1674 2528 1880 2619 praesertim
1895 2553 1976 2599 cum
1992 2551 2058 2598 nec
2071 2529 2174 2600 facile
2193 2531 2252 2600 in-

1253 2632 1368 2701 veniri
1385 2632 1611 2701 mediocriter
1625 2630 1748 2701 idonei
1767 2653 1980 2700 successores
1993 2632 2149 2722 possint,
2172 2645 2207 2703 et
2222 2634 2252 2703 si

1254 2734 1315 2826 qui
1334 2734 1583 2813 inveniuntur,
1607 2732 1652 2801 iis
1668 2756 1757 2824 opus
1772 2744 1823 2802 est
1837 2733 1940 2802 annis
1954 2733 2091 2825 aliquot
2104 2735 2149 2807 ad
2165 2758 2252 2807 con·

1254 2837 1480 2906 siderandam
1495 2849 1529 2905 et
1543 2836 1746 2905 discendam
1755 2833 1922 2904 viciniam
1940 2847 1974 2904 et
1988 2848 2139 2920 caetera,
2160 2860 2251 2930 quae

1254 2938 1483 3027 gubernatori
1498 2937 1721 3007 familiariter
1734 2950 1817 3008 nota
1833 2959 1906 3006 esse
1921 2937 2062 3008 debent.
2088 2936 2161 3008 Nec
2175 2939 2253 3009 leve

1255 3042 1456 3141 ducendum
1472 3053 1522 3109 est
1540 3040 1632 3109 illud
1645 3036 1692 3132 7),
1724 3040 1820 3131 quod
1839 3039 2088 3109 benevolentia
2102 3040 2254 3111 civitatis

1255 3166 1335 3233 erga
1355 3155 1390 3213 te
1412 3143 1565 3212 maxima
1597 3155 1666 3225 est,
1701 3140 1868 3234 quodque
1890 3135 1920 3232 ⁸)
1950 3141 2103 3213 multum
2136 3142 2254 3228 refert,

1254 3268 1357 3315 aures
1374 3259 1408 3314 et
1420 3258 1557 3314 mentes
1572 3243 1775 3313 auditorum
1792 3242 2000 3313 assuefactae
2019 3266 2093 3312 esse
2114 3244 2157 3314 ad
2177 3267 2254 3313 cer-

1254 3362 1327 3418 tam
1343 3346 1494 3417 docendi
1507 3347 1679 3439 formam,
1711 3367 1780 3437 qua
1796 3357 1929 3414 mutata
1941 3345 1999 3414 vel
2013 3345 2133 3414 minus
2148 3345 2255 3415 intel·

1255 3450 1378 3539 ligitur
1393 3448 1640 3532 concionator,
1665 3446 1723 3515 vel
1735 3440 1766 3541 ⁹)
1791 3446 1896 3518 etiam
1913 3446 2123 3537 opinionum
2137 3459 2256 3518 muta·

1256 3551 1307 3622 tio
1331 3550 1501 3642 sequitur.
1562 3547 1631 3618 Sed
1653 3571 1817 3631 revocor,
1859 3547 2018 3640 inquies,
2050 3549 2089 3616 in
2110 3544 2255 3619 Cattos?

1256 3649 1391 3734 Credo,
1424 3649 1608 3741 impetrari
1629 3670 1731 3739 posse
1754 3672 1774 3717 a
1798 3649 1960 3740 principe
1977 3646 2183 3735 Cattorum,
2215 3663 2256 3720 ut

1256 3753 1453 3845 permittat,
1478 3764 1519 3822 ut
1534 3749 1669 3821 diutius
1677 3750 1752 3819 vice
1765 3762 1825 3818 tua
1841 3749 1933 3819 alius
1947 3750 2077 3843 praesit
2091 3750 2255 3822 ecclesiae

1220 3876 1223 3883 ’
1257 3855 1296 3924 in
1319 3847 1492 3938 Giessen,
1531 3852 1650 3923 vel‘ut
1670 3862 1840 3944 perpetuo
1863 3875 2007 3921 maneas
2026 3844 2255 3939 Dresdmae,

1257 3981 1297 4029 ac
1320 3956 1421 4049 prior
1441 3953 1576 4025 functio
1596 3954 1698 4025 alteri
1720 3954 1924 4034 mandetur,
1959 3953 2046 4024 etin
2067 3967 2255 4048 utramque

1258 4057 1467 4129 sententiam
1490 4057 1642 4127 scribam
1665 4055 1819 4149 principi
1842 4052 2039 4129 Cattorum.
2096 4054 2201 4126 Nunc
2221 4070 2255 4129 te

1258 4187 1342 4247 oro,
1377 4160 1539 4230 ecclesiae
1556 4173 1590 4229 et
1607 4183 1685 4227 meo
1708 4158 1872 4240 nomine,
1906 4181 1951 4226 ne
1969 4183 2010 4229 ex
2025 4151 2082 4226 his
2097 4157 2256 4248 regioni-

1257 4265 1325 4334 bus
1340 4259 1410 4333 hoc
1425 4260 1629 4352 praesertim
1648 4275 1804 4351 tempore
1821 4260 1997 4343 discedas,
2030 4261 2091 4328 sed
2108 4260 2255 4330 retineri

1257 4379 1291 4435 te
1308 4365 1401 4434 votis
1421 4366 1598 4435 bonorum
1615 4375 1650 4432 et
1670 4361 1873 4432 auditorum
1888 4362 2070 4432 voluntate
2083 4357 2127 4456 ¹⁰)
2148 4360 2254 4435 sinas.

1255 4466 1475 4539 Mutationes
1496 4463 1631 4557 alioqui
1658 4464 1790 4535 multae
1817 4464 1856 4532 in
1879 4462 2032 4533 ecclesiis
2056 4456 2124 4533 hoc
2158 4486 2253 4534 anno

1258 4650 1480 4666 W

1289 4754 1319 4824 1)
1339 4753 1430 4808 Strob.
1444 4773 1510 4811 una.

1287 4840 1317 4908 2)
1334 4839 1426 4895 Strob.
1440 4843 1531 4894 debet.

1288 4923 1316 4993 8)
1338 4924 1431 4978 Strob.
1447 4933 1552 4980 eumen.

1287 5008 1316 5077 l)
1337 5017 1364 5061 ee
1376 5014 1448 5076 sese]
1462 5007 1556 5064 Strob.
1572 5007 1763 5080 praetermisit.

1288 5095 1316 5162 ⁵)
1335 5099 1375 5159 te]
1391 5092 1482 5156 Strob.
1498 5113 1555 5149 non
1576 5092 1664 5151 babet.

1288 5180 1316 5244 6)
1335 5177 1428 5235 Strob.
1442 5182 1583 5236 animum.

1288 5269 1318 5337 7)
1337 5271 1422 5332 iliud]
1436 5267 1528 5324 Strob.
1543 5269 1707 5325 nonhabet.

1289 5353 1316 5422 8)
1336 5353 1428 5408 Strob.
1442 5355 1573 5408 mendose
1591 5373 1711 5423 quoque.

1288 5440 1320 5510 9)
1337 5439 1392 5511 vel]
1408 5429 1466 5495 uon
1478 5438 1557 5493 babet
1569 5439 1664 5500 Strob.

1289 5526 1339 5597 10)
1356 5523 1451 5581 Strob.
1467 5523 1600 5580 uer'ueaee.

1440 5590 1536 5667 40*
