4882 6426
191 405 266 480 22³
585 495 588 498 ἢ

194 576 262 650 No.
280 570 392 649 35⁴6.
494 597 498 601 ·

199 670 370 707 w-
1009 669 1180 702 W

460 767 643 885 Georg.
672 772 889 881 Fabricio.

299 926 384 1001 Epist.
403 926 450 983 lib.
466 925 499 985 V.
521 948 548 1000 p.
559 927 612 983 iffi
623 949 665 1003 sq.

455 1094 661 1197 Georgio
693 1094 935 1173 Fabricio.

771 394 1206 476 EPtSTOLARUM
1263 396 1369 472 LlB.
1404 398 1449 472 X.
1496 399 1644 475 tato.-

1009 576 1168 661 26.Aug.
1244 568 1308 641 No.
1328 566 1442 646 3547.

2163 404 2244 478 224

2005 578 2244 666 (roomo

1251 664 1423 712 *σν
2022 672 2236 712 κον-ιν

1520 737 1669 822 loocb.
1703 735 1965 822 Camerario.

1314 896 1398 968 epta.
1409 896 1599 955 ‚aemma
1613 882 1749 968 erarii.
1766 896 2070 966 (enumeraret).
2089 924 2124 937 -
2141 894 2244 954 nuere

1347 985 1380 1018 an
1397 967 1509 1021 Seiurm
1529 966 1708 1038 (Eicbboru)‚
1737 969 1769 1019 de
1792 986 1847 1037 quo
1869 967 1914 1020 bic
1930 964 2089 1019 Melantbon
2111 966 2245 1050 loquituf²

1346 1036 1488 1159 limidi»,
1511 1036 1555 1090 cui
1571 1036 1649 1091 dedit
1662 1034 1868 1104 testimonium,
1893 1036 1966 1108 quod
1982 1053 2063 1106 supr·
2080 1036 2106 1094 d.
2117 1035 2162 1093 tt.
2173 1033 2245 1093 Mau

1367 1124 1411 1159 .s.
1444 1123 1457 1158 a
1479 1123 1515 1159 as.

201 1236 319 1347 saepe
337 1252 427 1336 lam,
452 1253 759 1342 Praeleffluffllem
776 1247 899 1319 Albim
915 1249 1109 1341 ὃθΡῑίῖθῦθ.
1135 1248 1192 1316 in·
1245 1248 1472 1331 Clarissimo
1501 1263 1578 1332 viro
1608 1260 1736 1330 virtute
1758 1269 1788 1329 et
1812 1256 2013 1330 eruditione
2033 1263 2247 1358 praestanti

200 1357 351 1450 gemisco
368 1353 566 1445 sopitoque,
591 1377 677 1437 non,
702 1352 733 1421 si
748 1365 886 1424 tantum
901 1352 1035 1421 flumen
1052 1343 1195 1443 lachry-

202 1482 342 1528 marum
375 1457 525 1525 fundere
558 1477 715 1545 possem,
754 1467 927 1546 quantum
951 1453 1066 1523 voluit
1089 1448 1195 1520 Albis

203 1561 399 1650 undarum,
423 1549 608 1625 exhaurire
631 1579 750 1625 meum
768 1557 926 1625 dolorem
943 1576 1064 1647 posse,
1088 1575 1195 1646 quem

203 1661 323 1733 animo
338 1659 545 1728 circumfero
560 1669 705 1749 propter
720 1657 825 1735 civile
835 1656 984 1741 bellum,
1009 1658 1106 1749 quod
1122 1653 1196 1724 uti·

152 1777 163 1792 ⁸
204 1786 288 1833 nam
308 1784 381 1830 non
404 1759 571 1830 movisset
593 1750 768 1829 Carolus.
826 1757 897 1829 Sed
921 1758 1001 1828 fatis
1024 1769 1196 1846 urgentur

203 1888 259 1937 res
274 1858 463 1934 humanae.
506 1856 630 1953 Neque
645 1855 708 1950 ego
721 1884 818 1929 nunc
832 1860 987 1951 primum
1005 1859 1124 1928 dolere
1138 1858 1197 1925 in-

204 1964 318 2057 cipio,
344 1964 406 2033 sed
428 1961 556 2031 omissa
573 1957 639 2032 bac
656 1961 989 2031 commemoratione
1006 1957 1122 2029 Deum
1138 1981 1197 2059 ae-

205 2082 367 2149 ternum,
393 2060 532 2135 Patrem
551 2060 699 2132 Domini
718 2063 830 2133 nostri
849 2061 927 2132 lesu
944 2058 1091 2145 Christi,
1117 2082 1197 2130 ore-

206 2190 304 2252 mus,
335 2180 376 2236 ut
396 2164 470 2257 ipse
495 2159 561 2232 bos
585 2178 701 2236 tantos
722 2161 953 2255 Reipublicae
974 2177 1109 2246 motus,
1134 2187 1197 2255 qur

205 2264 374 2340 humanis
403 2266 562 2336 consiliis
591 2267 662 2336 iam
691 2267 807 2335 sedari
838 2288 912 2335 non
934 2277 1104 2354 possunt,
1135 2286 1200 2343 sua

207 2369 378 2463 sapientia
403 2381 438 2436 et
460 2367 617 2437 bonitate
643 2368 761 2450 sedet,
792 2390 832 2437 ac
861 2368 1041 2435 moderate
1066 2366 1201 2443 interea

207 2497 271 2544 suo
294 2470 442 2563 quisque
465 2470 544 2538 loco
566 2481 660 2537 recta
684 2471 887 2551 doceamus,
913 2470 1008 2560 quod
1030 2468 1144 2536 facere
1165 2480 1200 2537 te

207 2597 281 2644 non
297 2572 435 2642 dubito.
483 2570 630 2660 Semper
644 2569 759 2640 amavi
774 2570 953 2660 ingenium
972 2582 1092 2654 tuum,
1116 2567 1200 2638 tibi·

209 2699 278 2770 que
291 2672 437 2762 gratiam
453 2666 585 2756 babeo,
612 2673 707 2764 quod
723 2684 793 2741 tam
809 2687 968 2743 amanter
981 2672 1025 2739 ad
1042 2694 1098 2739 me
1113 2668 1201 2739 scri-

208 2775 323 2870 psisti.
360 2771 449 2844 Pro
473 2769 658 2843 Pontificia
682 2771 828 2862 epistola
849 2773 950 2842 mitto
974 2771 1040 2841 tibi
1066 2785 1101 2841 et
1121 2771 1200 2841 aliis

209 2878 382 2971 pagellas,
407 2874 446 2942 in
464 2874 592 2966 quibus
609 2887 660 2944 est
674 2869 827 2968 Stigelii
841 2897 1002 2957 carmen,
1029 2874 1130 2944 cuius
1149 2872 1201 2941 le-

210 2981 382 3061 ctionem,
405 2975 495 3061 scio,
520 2975 588 3045 tibi
606 2999 681 3051 non
696 2977 879 3046 insuavem
896 2977 971 3045 fore
986 2967 1037 3069 ⁴¹⁵).
1071 2971 1107 3046 A
1122 2970 1201 3045 Sti-

206 3075 307 3174 geiio
330 3092 364 3147 te
386 3100 467 3145 vere
487 3076 589 3166 diligi
608 3081 641 3147 et
661 3077 808 3170 plurimi
827 3077 903 3147 ficri
921 3077 1004 3148 scio.
1055 3073 1154 3149 Bene
1167 3088 1201 3146 et

209 3181 360 3251 feliciter
375 3179 465 3253 vale.
514 3177 583 3252 Die
597 3178 659 3252 26.
674 3177 823 3269 August.

155 3691 158 3697 .
212 3597 410 3726 Q·
1046 3614 1104 3675 28·
1120 3605 1202 3688 Aug.

1024 3694 1196 3729 m

547 3796 604 3886 B.
635 3795 870 3914 Sobottero

283 3959 368 4033 Epist.
383 3960 430 4018 lib.
443 3960 478 4019 ll.
496 3979 523 4035 p.
536 3960 588 4015 ⁴78
603 3981 645 4033 sq.
664 3959 821 4045 (ulpiani.
834 3956 882 4018 lib.
895 3962 930 4018 ll.
946 3981 989 4037 ep.
1004 3962 1088 4034 507.).

357 4131 414 4207 D.
439 4128 777 4249 Bortolomoeo
803 4128 1063 4212 Schultero.
1178 4129 1181 4135 ’

214 4266 258 4357 S.
285 4284 330 4359 D.
349 4376 354 4385 .
381 4285 474 4359 Filio
493 4281 608 4359 Isaac
628 4290 710 4359 misi
724 4291 922 4361 orationem
936 4284 1093 4365 habitam
1109 4291 1148 4359 iu
1163 4315 1205 4361 eo

213 4411 399 4475 consessu,
432 4389 472 4459 in
493 4415 564 4484 quo
589 4392 808 4462 renunciatio
830 4394 919 4461 facta
943 4405 994 4461 est
1013 4393 1205 4463 testimonii

215 4494 259 4559 de
275 4491 386 4582 ipsius
401 4493 600 4562 eruditione
617 4507 651 4562 et
666 4495 809 4564 virtute.
845 4494 946 4563 Deus
963 4494 1078 4583 ipsum
1095 4508 1128 4562 et
1143 4519 1205 4563 vos

216 4606 346 4676 servet,
377 4606 410 4660 et
428 4596 577 4684 posteris
594 4590 786 4664 Ecclesiam
806 4610 839 4666 et
855 4592 1126 4686 Rempublicam
1144 4619 1206 4685 pa-

215 4707 327 4764 catam
351 4694 475 4763 tradat.
524 4696 582 4765 De
604 4694 699 4766 bello
721 4696 759 4766 in
774 4689 948 4764 Bovario
963 4710 1102 4767 tantum
1120 4691 1206 4766 baec

216 4795 363 4877 scimus,
403 4795 591 4865 exercitum
618 4797 731 4867 Ducis
757 4791 944 4866 Snuoniei
966 4794 1141 4867 Electon‘s
1170 4813 1205 4868 et

213 4889 458 4987 Landgrovii
477 4897 658 4966 accessisse
673 4900 716 4967 ad
732 4893 1025 4995 Ingolstodium,
1044 4914 1078 4971 et
1094 4925 1114 4970 a
1128 4891 1206 4970 Co-

217 4992 292 5067 roli
308 4995 532 5088 imperatoris
552 5000 673 5069 castris
688 5010 825 5095 tantum
841 5004 959 5072 abesse
976 5014 1108 5094 septem
1120 4998 1204 5084 mil-

185 5114 189 5119 ·
215 5099 374 5187 liaribus.
408 5096 507 5199 Deus
523 5099 613 5179 adsit
630 5101 734 5171 nobis
752 5116 785 5172 et
801 5124 862 5187 sua
878 5093 1050 5172 immensa
1065 5103 1204 5194 sapien-

213 5200 262 5269 tia
278 5213 314 5269 ct
331 5199 489 5270 boniute
503 5222 624 5293 pacem
637 5203 808 5274 restituat.
849 5200 947 5274 Bene
964 5204 1086 5274 valete.
1117 5204 1203 5274 =Dic

214 5297 429 5395 Augustini.
494 5375 497 5381 ,
593 5366 617 5385 ,.

216 5470 417 5490 ω--αιὲῇ

245 5558 273 5629 *)
297 5559 385 5614 Habes
395 5559 462 5615 iilud
474 5559 503 5614 in
516 5557 632 5631 Scriptis
644 5557 761 5632 publicis
779 5557 813 5616 Τ.
827 5558 900 5633 L'p·
917 5561 976 5618 tte.
1030 5572 1037 5613 ,“
1071 5607 1075 5613 .

1239 4682 1325 4752 No.
1343 4681 1456 4757 5548.

1270 1359 1299 1433 l
1304 1389 1355 1432 oo
1367 1358 1440 1433 chi
1446 1388 1513 1432 mo
1535 1358 1654 1435 Cam.
1674 1356 1768 1436 Pub.
1786 1353 1906 1432 amieo
1922 1386 1991 1433 suo
2006 1363 2219 1447 carissimo,

1247 1491 1290 1581 S.
1316 1509 1361 1580 D.
1412 1507 1557 1579 Litteris
1579 1511 1626 1578 de
1638 1504 1787 1593 Seiuro,
1812 1533 1898 1602 quas
1923 1508 1956 1578 ei
1976 1509 2104 1581 dedisti
2124 1512 2245 1582 adme

1247 1612 1405 1702 scriptas,
1431 1614 1574 1703 quando
1591 1611 1745 1699 primum
1760 1605 1830 1679 buc
1844 1611 1905 1677 ille
1924 1612 2032 1694 venit,
2059 1625 2093 1681 et
2107 1612 2244 1683 iudicio

1248 1728 1309 1786 tun
1342 1725 1528 1782 contentus
1558 1712 1666 1781 dilexi
1697 1712 1835 1803 ipsum,
1871 1713 2101 1806 praestitique
2127 1714 2245 1785 officia

1250 1840 1341 1910 quae
1363 1813 1476 1904 potui.
1526 1808 1665 1883 Omnes
1681 1813 1775 1882 enim
1796 1816 2060 1884 commendatos
2075 1812 2165 1884 mihi
2180 1816 2246 1886 abs

1249 1932 1283 1987 te
1310 1912 1496 2005 complecti
1517 1938 1572 1983 me
1593 1915 1839 1984 benevolentia
1864 1939 1937 1983 non
1964 1929 2014 1985 est
2034 1918 2244 1987 obscurum:

1249 2032 1367 2111 postea
1390 2015 1534 2106 perfecit
1547 2010 1700 2085 Sciurus
1720 2016 1838 2086 studio
1857 2031 1890 2085 et
1909 2016 2081 2086 industria
2098 2040 2178 2103 sua,
2201 2031 2246 2089 ut

1186 2160 1195 2176 ·
1250 2116 1339 2189 mihi
1373 2117 1537 2209 inprimis
1562 2141 1664 2187 carus
1691 2130 1789 2191 esset.
1848 2115 2175 2189 Deliberationibus
2199 2121 2246 2188 de

1250 2223 1327 2314 ipso
1342 2219 1520 2290 nostriset
1535 2233 1595 2290 tua
1611 2219 1783 2290 sententia
1801 2241 1882 2286 eum
1897 2221 2062 2309 delectari
2080 2221 2150 2289 iam
2167 2242 2244 2290 non

1251 2323 1396 2406 dubito,
1419 2334 1607 2414 postquam
1621 2346 1659 2390 ea
1676 2322 1879 2390 acciderunt
1894 2321 1934 2389 in
1950 2316 2007 2390 bis
2024 2322 2246 2412 regionibus,

1252 2448 1341 2521 quae
1360 2423 1520 2492 omnium
1534 2423 1607 2492 fere
1622 2423 1828 2514 opinionem
1845 2422 2056 2495 fefellerunt.
2107 2422 2247 2494 Futura

1253 2540 1370 2597 autem
1388 2527 1676 2593 commendemus
1691 2525 1787 2608 Deo,
1814 2523 1998 2613 periculis,
2023 2525 2137 2616 siqua
2154 2519 2247 2592 mihi

1253 2653 1335 2719 prae
1350 2625 1473 2695 ceteris
1489 2626 1705 2718 impendent,
1731 2650 1804 2694 non
1821 2626 1922 2719 valde
1939 2640 2082 2698 terreor.
2117 2625 2247 2696 Arcera

1252 2731 1362 2799 senda·
1383 2726 1527 2820 quidem
1549 2728 1632 2812 illa,
1658 2727 1747 2797 sicut
1768 2725 1913 2811 scribis,
1939 2751 2014 2795 non
2031 2740 2127 2796 sunt:
2160 2748 2247 2796 nam

1253 2844 1356 2921 auget
1390 2829 1551 2898 miserias
1584 2829 1747 2918 cogitatio
1775 2821 1969 2920 ἐπικτήτου
1994 2831 2129 2900 κακοῦε
2173 2826 2248 2899 Sed

1254 2934 1349 3026 quod
1372 2931 1478 3001 vitari
1494 2955 1567 2999 non
1583 2944 1714 3023 potest,
1739 2931 1895 3008 fortiter,
1920 2930 1977 2998 vel
1993 2953 2106 3024 aequo
2120 2930 2247 2999 saltem

1254 3036 1374 3103 animo
1397 3034 1582 3103 ferendum
1607 3046 1668 3102 est.
1720 3030 1876 3119 Quando
1896 3044 2014 3100 autem
2035 3056 2108 3100 non
2131 3031 2182 3101 fui
2208 3031 2247 3100 in

1255 3136 1374 3229 aliquo
1399 3134 1555 3226 periculo
1580 3131 1650 3203 iani
1672 3134 1776 3201 annis
1801 3131 1987 3223 plurimis?
2036 3131 2158 3215 Folia,
2188 3133 2278 3226 ing

1256 3238 1352 3331 quis,
1379 3259 1417 3306 ea
1438 3236 1660 3320 ceciderunt,
1686 3259 1781 3304 nunc
1804 3235 1946 3302 arbores
1963 3235 2100 3305 eadent.
2150 3231 2250 3304 Cali-

1256 3363 1329 3409 cem
1352 3337 1460 3428 igitur
1484 3337 1646 3407 salutaris
1668 3337 1858 3428 accipiam,
1891 3348 1925 3404 et
1946 3359 2076 3428 nomen
2099 3332 2262 3405 Domini·

1256 3440 1439 3509 invocabo.
1479 3434 1562 3532 napi
1592 3433 1633 3509 di
1659 3442 1737 3508 τῶν
1792 3429 1976 3508 studerunt
1997 3433 2060 3508 καὶ
2083 3431 2249 3510 συκίνων

1256 3535 1425 3635 ἀνδρῶν,
1451 3563 1540 3634 quos
1559 3564 1600 3608 ex
1616 3462 1857 3630 Aristopiiane
1873 3539 2037 3623 adducis,
2062 3539 2099 3607 id
2116 3538 2249 3608 scilicet

1256 3643 1491 3734 relinquitur,
1517 3655 1556 3712 ut
1578 3642 1679 3731 culpa
1695 3666 1715 3710 a
1731 3641 1834 3710 nubis
1851 3640 1951 3712 absit.
2002 3636 2050 3710 Et
2065 3633 2151 3731 δίκη
2168 3651 2248 3709 tan-

1257 3746 1336 3814 dem
1357 3744 1524 3836 corripiet
1546 3746 1623 3814 rain
1646 3746 1775 3814 κακῶν
1795 3739 1979 3821 virtores.
2025 3739 2101 3812 -seo
2122 3743 2169 3808 de
2189 3734 2247 3810 bis

1258 3846 1423 3915 omnibus
1443 3869 1560 3915 coram
1578 3845 1697 3934 plura,
1724 3867 1840 3936 neque
1856 3843 1976 3911 omnia
1994 3855 2077 3911 sunt
2091 3842 2258 3911 scriben·‘

1169 3978 1183 4015 .·
1258 3949 1322 4026 da,
1349 3960 1383 4016 te
1399 3970 1540 4042 quoque
1554 3959 1676 4016 autore
1691 3958 1725 4016 et
1739 3945 1929 4016 monitore.
1970 3943 2169 4016 Dominum
2183 3967 2248 4011 no-

1258 4062 1369 4117 strum
1387 4046 1501 4117 lesum
1519 4042 1700 4117 Christum
1723 4047 1946 4116 liberatorem
1965 4045 2104 4134 generis
2122 4039 2249 4139 buma-

1258 4149 1296 4218 ni
1320 4173 1402 4234 oro,
1428 4164 1468 4219 ut
1486 4150 1693 4219 misereatur
1714 4147 1853 4238 parvuli
1877 4148 1989 4236 gregis
2005 4146 2077 4227 sui,
2090 4158 2140 4250 ¹et
2155 4144 2250 4214 miti·

1258 4264 1313 4340 get
1343 4251 1576 4332 calamitates,
1611 4265 1646 4321 et
1674 4263 1707 4321 te
1739 4262 1887 4344 tuosque
1911 4271 2033 4317 omnes
2055 4261 2248 4318 conservet.

1260 4350 1357 4419 Vale.

2055 4688 2059 4695 ’
2088 4692 2152 4753 81.
2168 4680 2248 4764 Aug.

2075 4771 2245 4802 M

1557 4864 1617 4946 M.
1649 4864 1953 4974 Meienburgio.

1343 5025 1429 5105 spat.
1447 5026 1544 5087 mv.
1564 5026 1666 5098 pars.
2173 5080 2177 5095 ,

1307 5172 1546 5257 Miciaett
1568 5166 1910 5278 Meienb'urgio
1937 5173 2204 5274 (Northusoe.)

1258 4779 1457 4810 Μ

1256 5316 1301 5408 S.
1325 5332 1371 5411 Ι).
1423 5331 1685 5405 Humanissime
1717 5334 1790 5415 vir,
1826 5348 1859 5403 et
1894 5331 2004 5401 amice
2035 5308 2256 5423 charissime,

1257 5436 1382 5514 Scitis,
1413 5461 1532 5504 vocem
1549 5434 1633 5504 Filii
1648 5432 1720 5503 Dei
1743 5457 1831 5502 esse:
1866 5426 2004 5501 Omnes
2019 5427 2140 5520 capilli
2159 5426 2259 5521 capi·

1259 5540 1302 5608 tis
1326 5538 1430 5611 vestri
1455 5536 1632 5607 nmnerati
1650 5549 1743 5625 sunt»
1802 5530 1866 5606 Et:
1900 5532 2012 5604 Nemo
2035 5541 2161 5625 potest.
2174 5554 2260 5601 oves
