4882 6436
191 313 269 392 257
300 328 310 345 ‘
396 410 405 424 .

194 487 262 561 No.
279 484 394 563 3688.

201 582 373 612 Μ
918 585 1189 625 *ov-d

542 685 848 777 Gr..Poatono.

262 845 465 929 Manljifarrag.
474 844 604 967 pfflsq.
614 876 648 886 -
661 841 1190 918 Apograpbaiucod.Gotb.401.p.102.

298 924 327 968 et
338 916 442 971 rdcod.
457 917 476 967 tt
490 917 551 969 ebn.
565 918 576 968 l
596 915 614 968 Ι.
633 934 660 986 p.
673 916 707 967 70
717 915 743 969 b.
1086 952 1091 957 .

453 1034 682 1166 Gregorio
709 1066 933 1142 Ponione.

196 1203 283 1290 Etsi
314 1213 406 1286 nihil
436 1221 520 1288 novi
550 1233 602 1289 est
617 1216 663 1311 ¹),
695 1217 795 1316 (nam
820 1222 907 1290 urbs
930 1217 997 1289 Dei
1019 1218 1188 1288 beneficio

102 1346 107 1354 ·
196 1320 387 1411 tranquilla
409 1320 476 1412 est)
503 1335 620 1390 tamen
638 1348 717 1392 curn
735 1322 868 1392 diutius
884 1334 1005 1390 nostra
1021 1321 1189 1411 opinione

133 1470 138 1478 -
196 1427 279 1494 abes
295 1419 343 1515 ²),
373 1423 455 1489 dedi
478 1419 539 1490 bas
554 1425 597 1491 ad
615 1437 649 1492 te
667 1425 803 1507 literas,
829 1436 870 1492 ut
885 1423 1027 1490 interim
1042 1418 1189 1489 haberes

197 1546 294 1594 meae
311 1523 514 1612 diligentiae
530 1527 716 1615 specimen.
743 1523 817 1594 Nos
831 1522 898 1592 Dei
913 1523 1081 1617 beneficio
1099 1535 1189 1591 recte

196 1627 370 1695 valemus:
407 1637 441 1693 et
455 1622 571 1694 Deum
589 1651 793 1717 precamur,
818 1638 858 1694 ut
872 1638 912 1694 tu
928 1647 1069 1718 qnoque
1086 1623 1189 1692 foeli-

196 1727 334 1796 cissinre
349 1721 378 1817 ³)
403 1727 537 1812 valeas,
564 1742 597 1796 et
615 1728 894 1820 quamprimum
911 1729 1028 1795 salvus
1043 1739 1077 1794 et
1091 1726 1191 1814 iqco-

195 1829 302 1898 lumis
326 1829 471 1896 domum
489 1827 518 1924 ⁴)
547 1831 680 1898 redeas.
739 1825 838 1896 Nihil
870 1829 964 1896 enim
994 1827 1098 1895 nobis
1128 1839 1190 1894 tua

134 1982 138 1991 .
197 1931 308 2021 salute
322 1929 421 2019 prius
437 1945 498 1999 aut
512 1931 693 2023 antiquius
709 1943 771 2001 est.
822 1927 941 2021 Atque
958 1923 1025 1999 hoc
1045 1928 1188 2021 quidem

196 2045 356 2122 tempore
372 2031 487 2120 magis
510 2044 544 2100 te
563 2033 792 2124 requirimus:
819 2054 883 2098 nec
899 2027 927 2124 ⁸)
945 2031 1140 2098 sineremus
1156 2041 1190 2097 te

196 2159 217 2202 a
238 2133 342 2202 nobis
364 2133 485 2201 divelli
508 2132 544 2199 in
561 2127 616 2200 his
631 2132 817 2224 periculis,
843 2132 913 2199 nisi
928 2145 961 2201 te
975 2129 1189 2220 Respublica

195 2247 372 2303 avocaret:
407 2236 464 2302 cui
488 2234 657 2328 quoniam
678 2233 807 2316 servis,
836 2257 939 2324 spero
964 2231 1098 2316 Deum,
1128 2255 1190 2323 qur

195 2330 282 2404 haec
299 2361 318 2404 a
335 2349 367 2404 te
383 2336 496 2404 officia
512 2336 681 2429 requirit,
703 2335 930 2404 defensurum
944 2348 977 2404 te
993 2356 1078 2417 esse.
1130 2331 1191 2401 ld-

196 2460 265 2530 qne
287 2451 328 2506 nt
346 2437 467 2520 faciat,
502 2461 581 2506 eum
603 2461 642 2506 ex
664 2437 783 2506 animo
802 2460 996 2526 precamur.
1049 2426 1190 2530 †Bene

198 2554 233 2610 et
246 2538 396 2607 feliciter
409 2529 487 2607 vale
504 2552 537 2607 et
553 2540 630 2607 redi
639 2537 666 2610 ”.

218 2684 227 2715 Ι

1044 2945 1073 3002 1.
1089 2931 1170 2996 Nor.

541 3130 591 3220 V.
618 3130 854 3215 Theodoro,
925 3168 930 3179 .
963 3147 966 3150 ·

215 2931 282 3005 Νο.
299 2929 410 3004 3589.

205 3028 416 3066 Μ

267 3293 346 3348 Edita
359 3315 373 3349 a
384 3295 517 3349 Sauberto
530 3295 558 3348 in
573 3295 688 3418 append.
703 3266 764 3366 epp.
782 3293 829 3346 lib.
844 3291 890 3348 lV.
908 3309 936 3362 p.
950 3293 992 3348 20.
1027 3291 1080 3348 tite
1097 3312 1128 3348 er
1143 3311 1194 3348 au·

302 3365 434 3436 tographo
449 3367 477 3418 iu
492 3365 554 3421 cod.
568 3368 589 3419 a
603 3383 683 3418 onec.
696 3364 718 3420 l.
737 3383 766 3435 p.
777 3363 839 3417 oto.

200 3515 255 3592 D.
285 3514 399 3593 Vita
424 3515 690 3607 Theodoro,
722 3516 873 3614 Evang.
896 3513 1039 3588 docenti
1059 3520 1099 3590 ia
1117 3516 1194 3591 Eo-

317 3617 428 3690 clesia
445 3618 525 3691 Dei
540 3621 579 3691 ia
600 3620 740 3718 inclyto
758 3620 843 3693 orbe
858 3615 1081 3716 Noribergo.

201 3748 244 3834 S.
262 3765 308 3839 D.
343 3766 550 3869 Ἀφρήτωρ,
579 3770 791 3866 ἀθέμιστος,
819 3771 985 3856 ἀνέστιος
996 3774 1090 3847 ἔστω
1105 3774 1196 3847 ἐκεῖ·

101 3875 111 3883 “
198 3895 283 3956 νος,
311 3870 351 3954 ὃς
370 3872 533 3967 πολέμου
556 3875 681 3970 ἔραται
700 3873 908 3970 ἐπιδημίου.
960 3876 1069 3948 Plane
1086 3876 1196 3949 Sino-

200 3973 271 4042 niis
287 3976 442 4045 artificiis
459 3978 645 4049 excitatum
661 3993 713 4050 est
726 3981 830 4049 civile
845 3980 1051 4050 incendium
1065 3981 1103 4048 in
1118 3979 1195 4079 ripa

201 4073 323 4161 Albis,
356 4081 451 4169 qnod
470 4080 566 4150 Deus
587 4104 649 4151 sua
672 4083 843 4152 immensa
866 4082 1107 4153 misericordia
1131 4083 1197 4152 ite-

202 4201 283 4247 rum
300 4181 503 4269 restinguat.

305 4277 436 4352 Scliol'a
458 4297 602 4373 propter
621 4298 755 4353 metum
779 4283 977 4353 obsidionis
996 4286 1197 4377 dissipatur.

204 4379 320 4470 igitur
334 4379 586 4477 Hieronymus
603 4407 677 4452 cras
695 4386 761 4452 iter
777 4383 1004 4472 ingredietur.
1031 4387 1099 4457 Sed
1112 4379 1198 4456 huic

204 4497 329 4554 nostro
343 4480 411 4555 civi
428 4481 519 4555 hanc
534 4485 618 4555 dedi
633 4485 828 4576 epistolam,
855 4499 896 4554 nt
909 4485 1027 4556 literas
1041 4484 1197 4559 Ulmum

203 4585 340 4670 mittas,
375 4612 461 4681 quas
486 4589 530 4656 de
552 4582 761 4657 scholastico
786 4588 941 4678 quodam
966 4590 1009 4656 ad
1037 4602 1197 4658 senatum

202 4684 411 4758 Ulmensem
428 4690 562 4780 scripsi,
587 4689 614 4759 si
635 4685 839 4759 tabellarius
854 4687 995 4759 Ulmam
1014 4691 1199 4782 pervenire

204 4804 350 4880 propter
372 4804 482 4860 castra
504 4783 640 4861 Caroli
658 4789 746 4881 lmp.
770 4815 842 4858 non
866 4791 1005 4879 poterit.
1061 4791 1199 4861 Literas

204 4914 225 4960 a
241 4904 276 4961 te
291 4908 471 4985 exspecto,
497 4917 584 4986 quas
597 4894 713 4965 mittes
728 4887 757 4961 I
755 4885 935 4973 oachimo,
961 4894 1035 4985 qui,
1061 4895 1198 4963 etiamsi

240 5164 271 5228 t)
290 5161 358 5219 coo.
377 5162 470 5217 Mebn.
486 5165 629 5220 haberem.

240 5242 269 5315 ἲ)
287 5245 319 5299 (L
333 5244 428 5301 Melia.
442 5249 562 5302 obesses.

240 5327 269 5396 3)
287 5329 320 5384 C.
331 5328 425 5384 Mcbu.
439 5331 604 5384 rectissime.

237 5413 266 5480 4)
285 5413 317 5468 C.
332 5412 424 5467 Mebn.
436 5419 477 5466 od
489 5430 551 5468 nos.

236 5497 265 5563 5)
282 5495 371 5551 codd.
384 5514 430 5550 ae.

197 5574 380 5642 hissam.
394 5576 499 5642 Oua.
513 5575 596 5642 Ver..
610 5567 672 5640 Vl.

784 295 1246 431 'artsrotauuu
1305 309 1487 391 mure
1517 312 1650 390 toto.

896 494 975 575 (fere
989 516 1090 556 mense
1101 490 1191 573 Oct.)
1243 485 1473 576 migrabimus
1495 485 1535 556 in
1555 484 1708 557 vicinam
1724 481 1993 580 Parthenopen,
2017 488 2133 559 adme
2148 487 2234 557 mit-

2156 312 2235 391 268

1242 602 1314 657 tere
1329 589 1469 680 poterit.
1510 585 1608 659 Bene
1624 587 1711 657 vale.
1750 587 1818 658 Die
1834 590 1996 660 omnium
2011 589 2233 662 Sanctorum.

1749 686 1937 782 Philippus
1958 687 2183 760 Melanthon.

1242 1023 1436 1154 [Ἀξίῳ.
2105 1033 2232 1100 1.N0v.

1651 1193 1821 1276 Eidem.
1983 1128 1989 1138 ·
2097 1127 2233 1156 Μ

1310 1357 1412 1413 Editaa
1427 1357 1559 1413 Sauberto
1572 1356 1600 1410 in
1615 1356 1731 1438 append.
1745 1372 1808 1425 epp.
1827 1353 1873 1407 lib.
1886 1351 1937 1408 IV.
1955 1371 1982 1425 p.
1995 1354 2039 1408 tt.
2074 1354 2126 1409 llic
2140 1372 2234 1436 esau·

1283 1456 1289 1463 ·
1345 1422 1915 1498 tegraplmlllelsnthonrsiucod-Monac.
1931 1423 1952 1475 l.
1988 1421 2071 1478 ‚stt
2090 1455 2125 1465 -
2152 1423 2236 1476 Bmss

1228 1515 1234 1523 “
1344 1514 1359 1547 e
1378 1497 1469 1549 istolas
1484 1495 1642 1548 Melantbon
1661 1492 1757 1546 eodem
1777 1491 1821 1545 die
1841 1492 1913 1544 etde
1927 1510 1958 1544 ee
1978 1510 2021 1544 ern
2035 1511 2064 1545 re
2079 1492 2185 1562 scripsit
2199 1491 2233 1546 ad

1368 1565 1530 1621 beodorum.
1570 1561 1630 1618 Vid.
1642 1579 1686 1633 ep.
1700 1561 1822 1616 anteced.

1241 1715 1296 1795 D.
1326 1716 1367 1792 V
1372 1719 1389 1790 i
1395 1730 1408 1790 t
1417 1745 1438 1791 o
1464 1714 1722 1798 Theodoro,
1758 1713 1901 1787 docenti
1921 1713 2170 1810 Evangeliom
2193 1717 2232 1785 in

1380 1820 1551 1893 Ecclesia
1568 1817 1646 1890 Dei
1660 1819 1697 1887 in
1715 1815 1855 1914 inclyta
1870 1813 2093 1911 Noriberga.

1241 1952 1287 2040 S.
1301 1965 1345 2038 D.
1372 1965 1600 2037 'l'otiesDeus
1609 1966 2022 2056 praedicit,magnasf0re
2032 1967 2152 2034 ruinas
2162 1964 2234 2034 lm-

1242 2070 1440 2162 periurum,
1466 2084 1629 2139 ettamen
1645 2068 1738 2136 inter
1751 2062 1813 2134 has
1828 2091 2029 2136 mansuram
2040 2064 2233 2137 Ecclesiam

1179 2230 1188 2246 .
1243 2174 1339 2242 velut
1362 2195 1489 2260 paucas
1511 2170 1633 2239 olivas.
1685 2165 1927 2256 Agnoscamus
1943 2164 2005 2237 has
2023 2170 2233 2258 praedictio-

1243 2298 1305 2343 nes
1330 2269 1397 2342 hoc
1420 2285 1595 2362 tempore,
1622 2283 1661 2338 et'
1671 2269 1763 2338 inter
1776 2270 1934 2357 fragores.
1948 2270 2074 2338 mundi
2089 2294 2233 2339 mansu-

1244 2401 1318 2445 ram
1335 2396 1408 2443 essc
1423 2373 1489 2443 Dei
1506 2370 1721 2456 Ecclesiam,
1753 2394 1942 2460 speremus.
1995 2369 2154 2439 Vestram
2172 2395 2234 2439 ur-

1243 2480 1341 2560 bem,
1373 2499 1494 2566 spero,
1523 2484 1624 2542 nunc
1643 2472 1928 2564 tranquilliorem
1951 2485 1986 2540 et
2006 2495 2080 2540 esse
2098 2487 2131 2543 ct
2145 2473 2233 2555 fore,

1243 2591 1428 2671 postquam
1461 2575 1633 2644 exercitus
1664 2573 1804 2662 longius
1825 2598 1844 2642 a
1868 2575 1969 2643 vobis
1989 2575 2233 2646 discesserunt.

1245 2678 1413 2750 Arbitror
1431 2689 1565 2761 autem,
1590 2667 1769 2743 Corolum
1785 2676 1829 2743 ad
1845 2671 2121 2763 Argentoratum
2135 2699 2235 2744 acce-

1245 2784 1345 2864 dere,
1370 2792 1473 2872 teque
1489 2801 1565 2854 oro,
1589 2791 1628 2846 ut
1644 2776 1833 2864 diligenter
1849 2776 1953 2845 nobis
1967 2776 2041 2846 eius
2057 2777 2184 2846 itinera
2200 2790 2236 2846 et
2252 2774 2254 2778 ’

1245 2881 1375 2975 praelia
1407 2880 1590 2969 significes.
1646 2876 1795 2946 Nostrae
1825 2879 2004 2966 regiones,
2038 2892 2078 2948 ut
2104 2891 2234 2958 metuo,

1246 2983 1343 3053 civili
1374 2981 1540 3080 incendio
1569 2980 1764 3063 ardebunt,
1793 2981 1889 3072 quod
1912 2979 2007 3050 Deus
2032 2980 2235 3068 restinguat,

1183 3146 1189 3160 .
1246 3085 1307 3181 qui
1322 3085 1418 3153 solus
1433 3089 1547 3175 potest
1563 3104 1629 3151 nos
1647 3103 1796 3153 servare.

1348 3179 1515 3257 Scholam
1543 3184 1687 3253 tandem
1712 3181 1935 3250 dimittimus.
1995 3179 2080 3252 ldeo
2103 3177 2236 3251 Hiero-

1246 3311 1379 3385 nymus
1400 3287 1492 3356 istuc
1513 3284 1622 3369 redit,
1646 3307 1750 3376 quem
1772 3296 1813 3352 ut
1828 3283 2057 3372 complectare
2073 3298 2107 3354 et
2123 3308 2237 3367 ornes,

1245 3406 1285 3461 te.
1308 3386 1492 3460 adhortor.
1545 3384 1676 3476 Spero,
1708 3409 1789 3454 eum
1809 3408 1937 3473 magno
1963 3385 2042 3455 usui
2070 3401 2103 3456 ct
2131 3410 2237 3455 orna.

1245 3507 1365 3563 mento
1390 3492 1465 3558 lore
1483 3484 1662 3556 Ecclesiae
1678 3485 1756 3558 Dei.
1807 3480 1897 3553 Nam
1919 3501 1953 3556 et
1975 3488 2117 3575 ingenio
2135 3489 2238 3571 valet,

1246 3607 1281 3665 et
1309 3591 1460 3684 gravitas
1488 3613 1628 3657 morum
1655 3585 1889 3679 sanctitasque
1915 3589 2041 3658 eximia
2069 3603 2131 3661 est.
2190 3587 2238 3659 Et

1247 3708 1338 3767 recte
1353 3691 1512 3763 eruditus
1528 3704 1589 3762 est.
1634 3687 1730 3757 Bene
1748 3686 1835 3758 vale.
1876 3687 1942 3758 Die
1958 3685 2133 3760 Omnium
2149 3689 2239 3760 San·

1248 3811 1395 3869 ctorum.

1758 3886 1948 3984 Philippus
1965 3888 2190 3964 Melanthon.

1253 4101 1862 4124 ‘mm-W*
2172 4105 2240 4115 .-

1262 4220 1459 4314 Nosses.

1262 4337 1474 4371 Μ

2116 4249 2147 4308 1.
2161 4239 2240 4303 Nor.

2101 4331 2239 4358 Nm*

1519 4433 1574 4516 H.
1602 4428 1966 4541 Boumgortnero.
2036 4441 2038 4445 ’
2113 4502 2127 4516 ,

1317 4580 1409 4714 Ἐρὶιίὶ
1411 4589 1458 4712 llrp.
1465 4587 1514 4642 Vl.
1521 4605 1547 4659 p.
1559 4585 1608 4642 tta
1615 4605 1655 4656 sq.
1669 4619 1704 4630 -
1717 4584 1770 4640 iiie
1783 4603 1813 4638 er
1824 4585 2095 4657 autograpboinsod.
2103 4589 2214 4648 Monsc.
2222 4595 2244 4648 l.

1355 4678 1382 4729 p.
1445 4674 1467 4712 .‘
1908 4692 1915 4713 .

1251 4810 1365 4884 Dom.
1399 4809 1683 4908 Hieronymo
1718 4805 2082 4904 Bomgortaero,
2125 4810 2273 4886 Seno-'

1524 4912 1600 4983 tori
1624 4908 1727 4982 urbis
1751 4905 1970 4987 ilariaco.

1251 5044 1297 5134 S·
1324 5059 1368 5134 D.
1418 5056 1496 5129 Etsi
1531 5059 1688 5131 artificiis
1720 5053 1908 5127 hominum
1934 5073 2109 5129 certorum
2135 5065 2242 5153 plane

1254 5162 1413 5234 Sinoniis
1435 5185 1531 5230 nunc
1554 5161 1696 5253 quidem
1717 5159 1820 5228 civile
1840 5159 2042 5228 incendium
2060 5162 2099 5230 in
2116 5158 2172 5233 his
2188 5191 2244 5237 re-

1128 5352 1131 5365 ,
1254 5265 1417 5353 gionibus
1432 5263 1617 5333 excitatum
1636 5275 1705 5344 est,
1730 5262 1825 5352 quod
1841 5258 1936 5329 Deus
1952 5262 2165 5353 restinguat,
2190 5282 2244 5337 ιε..

1254 5389 1337 5434 men
1359 5360 1466 5434 latins
1487 5363 1572 5433 mali
1594 5377 1726 5434 veteres
1743 5383 1867 5430 causae
1884 5363 2015 5433 multae
2030 5379 2128 5450 sunt,
2156 5393 2243 5461 quas

1256 5490 1358 5560 saepe
1378 5465 1579 5554 deploravi,
1609 5487 1706 5532 nunc
1723 5485 1999 5533 commemorare
2015 5487 2090 5535 nou
2103 5490 2243 5540 necesse
