4882 6426
203 337 280 453 ⁵19
797 319 1242 447 acmentarium
1281 323 1491 441 napa.
1522 327 1658 406 1⁶47.
1800 334 1805 344 ·
2161 331 2241 439 sao

202 521 306 592 tator,
325 529 373 596 ne
383 525 546 596 praesens
561 496 678 586 schola
692 498 882 585 divellatur
894 497 1196 589 praesertimcum
1246 496 1418 569 elementa
1441 499 1485 567 de
1506 500 1646 570 circulis
1671 502 1878 574 coelestibus
1901 505 2055 572 traderet
2080 504 2146 590 iis,
2180 509 2245 601 qui

146 614 149 619 ’
202 611 240 678 in
264 633 304 679 ea
316 606 423 676 ¹'r'ec'te'
442 590 612 689 instituta'
626 603 697 671 sint
713 595 756 694 ²⁵)
782 600 918 683 studia,
951 611 985 668 et
1008 597 1195 695 disciplina
1245 598 1317 666 iarn
1331 595 1595 670 Grammatieen
1621 597 1843 672 didicissent.
1867 600 1932 673 'Et
1952 601 2048 674 hunc
2072 605 2243 677 lectorem

199 698 347 780 honesta
363 708 426 793 sit,
445 708 480 775 et'
494 694 653 774 doctores
669 702 740 772 sint
754 701 956 772 concordes.
1147 784 1150 789 .
1244 699 1352 768 velim
1366 697 1512 771 Rectori
1532 718 1665 793 parere.
1715 704 1806 777 Nam
1826 700 2049 799 ,deupgiu³⁷)
2072 708 2157 776 mali
2181 734 2242 778 ex.

199 824 204 836 “
300 808 389 879 Vidi
417 808 578 876 ordinem
597 798 641 905 ²⁴)
671 803 881 889 lectionum'3
914 801 1001 870 novi
1023 800 1196 872 eruditio·
1245 812 1396 870 tremum
1412 796 1453 894 ³⁸)
1476 817 1538 877 est.
1602 800 1722 884 †Ut”
1746 806 1831 875 olim
1853 803 2037 901 poetae³⁹)
2061 808 2239 879 finxerunt

199 936 280 981 nem
297 925 331 983 et
343 908 544 979 facundiam
561 902 696 1001 eorum,
721 898 819 1001 †qui
834 916 917 972 sunt
930 902 1109 993 praecipui
1118 898 1196 996 ''²⁸),
1244 900 1427 970 Astraeum
1444 899 1507 996 ⁴⁰),
1539 905 1677 995 pulsam
1708 931 1748 975 ex
1777 909 1913 996 magnis
1936 909 2109 994 urbibus,
2140 911 2179 978 in
2194 906 2239 998 ⁴¹)

199 1027 234 1082 et
249 1013 367 1083 iudico
383 1032 504 1079 eorum
521 1004 733 1076 industriam
746 1004 920 1073 iuventuti
935 1004 1098 1094 prodesse
1113 1012 1195 1094 po's-
1243 1026 1326 1072 rure
1346 1002 1555 1096 aliquandiu
1575 1007 1762 1077 mansisses
1792 1007 1841 1077 ita
1863 1032 1960 1083 nunc
1980 1010 2104 1080 literae
2120 1011 2241 1102 pulsae

200 1137 269 1183 se.¹
298 1112 369 1183 Sed
394 1104 482 1179 haec'
505 1109 711 1179 turbulenta
732 1120 824 1175 aetas
840 1105 1086 1174 utaliamulta
1102 1104 1193 1175 mala
1244 1127 1283 1171 ex
1304 1104 1503 1196 principum
1522 1107 1736 1193 ditionibus,
1761 1109 1943 1201 inquibus
1960 1111 2123 1180 delentur
2139 1112 2239 1180 bellis

199 1215 249 1284 ita
273 1214 378 1283 etiam
389 1210 533 1301 ‘ingenia
554 1209 711 1302 inquieta
727 1200 802 1275 non
819 1231 927 1296 pauca
943 1206 1074 1295 genuit.
1125 1202 1194 1275 Fa·
1244 1219 1451 1302 ornamenta
1466 1203 1650 1301 civilia⁴²),
1676 1232 1797 1295 rursus
1810 1211 1849 1278 in
1865 1211 2066 1285 civitatibus
2080 1208 2240 1287 honestis

200 1317 267 1386 cile
284 1314 391 1405 igitur
408 1314 535 1395 credo,
554 1310 665 1403 ‘bonis
681 1309 765 1377 viris
781 1303 883 1376 isthic
904 1304 1113 1405 †s1deliter”
1128 1307 1195 1376 do·
1243 1300 1447 1402 hospitiaf')
1462 1323 1647 1399 quaerunt,
1661 1333 1700 1378 ac
1715 1333 1837 1380 omues
1850 1310 2109 1406 prudentes⁴‘),
2125 1336 2241 1406 quan.

200 1416 359 1487 centibus
378 1438 451 1482 non
467 1416 583 1480 deesse
600 1408 860 1480 obtrectatores.
911 1403 1195 1477 denominatim
1244 1418 1320 1474 tum
1338 1403 1381 1502 ⁴⁵)
1405 1406 1581 1498 possunt,¹
1601 1413 1700 1481 decet
1722 1412 1888 1482 omnibus
1906 1414 2041 1483 viribus
2059 1415 2180 1483 literas
2195 1416 2240 1485 ab

199 1517 307 1586 audio
335 1507 592 1605 †reprehendi
613 1504 827 1602 Lossii''²⁶)
853 1509 1092 1594 sedulitatem,
1132 1509 1194 1600 qui
1244 1505 1390 1575 interitu
1412 1510 1612 1596 vindicare,
1647 1508 1791 1609 quw)
1815 1514 1975 1584 extinctis
1998 1515 2111 1585 literis
2134 1516 2241 1585 etiam

199 1615 525 1686 erotemataedidiu
575 1610 655 1703 lpse
672 1624 787 1681 autem
803 1634 870 1681 usu
885 1609 1061 1700 comperi,
1086 1612 1194 1699 prod·
1244 1608 1404 1677 doctrina
1423 1611 2115 1707 coelestisamittitur,quaeutservetur,
2134 1640 2239 1707 prae-

199 1741 272 1787 esse
295 1715 511 1786 discentibus
534 1715 613 1785 taliai
634 1711 949 1801 interrogationum
968 1700 1194 1804 exempla²⁷).
1244 1708 1351 1797 cipua'
1368 1710 1627 1781 curaontriium
1643 1708 2056 1808 hominumes'sedlebet(
2092 1714 2236 1787 Postre-

199 1818 273 1888 Nec
296 1819 420 1887 dubito
443 1814 639 1909 peritorum
661 1814 791 1882 iudicia
815 1808 879 1880 hac
903 1813 946 1880 de
969 1835 1099 1880 recum
1116 1835 1193 1880 mea
1243 1833 1302 1877 mo
1328 1821 1360 1878 te
1385 1814 1467 1895 oro',
1497 1827 1538 1883 ut
1553 1809 1597 1908 ⁴⁷)
1621 1810 1711 1884 hanc
1733 1816 1915 1907 epistolam
1932 1841 2065 1886 summo
2076 1812 2237 1887 ¹candore

199 1920 368 2011 opinione
386 1914 432 2013 ²⁸)
454 1940 657 2008 congruere.
715 1913 798 1982 ldeo
821 1913 924 1981 initio
947 1912 1096 2002 probavi
1119 1913 1194 1980 edi·
1242 1909 1353 1977 animi
1377 1910 1542 2002 scriptam
1557 1915 1645 1984 boui
1662 1918 1823 1986 consulas
1840 1911 1894 2007 ⁴⁸).
1943 1914 2041 1986 Bene
2053 1918 2149 2002 vale,
2173 1942 2239 1986 an-

198 2021 332 2092 tionem
352 2018 568 2089 libellorum.
618 2008 738 2086 Audio
763 2027 797 2082 et
817 2013 901 2082 alias
916 2013 1080 2097 fabellas,
1106 2036 1193 2104 quas
1242 2033 1291 2078 no
1309 2006 1352 2098 ⁴⁹)
1378 2011 1488 2088 1547.
1509 2015 1567 2083 die
1584 2011 1627 2112 ⁸⁰)
1647 2015 1709 2090 27.
1726 2013 1880 2108 Aprilis,
1907 2038 1978 2115 quo
1995 2014 2099 2089 Noha
2123 2038 2238 2106 egres-

200 2146 280 2192 cum
303 2145 358 2189 res
380 2122 455 2212 ipsa
473 2120 619 2204 refutet,
645 2141 719 2185 non
737 2128 788 2189 cst
804 2139 894 2204 opus
913 2116 1018 2203 longa
1034 2115 1194 2184 oratione
1242 2134 1301 2199 sus
1315 2102 1359 2201 Ψ)
1389 2137 1429 2181 ex
1457 2139 1537 2186 arca
1567 2131 1648 2189 ante
1676 2141 1788 2187 annos
1807 2120 1908 2194 5850
1930 2110 2024 2201 ,vidit
2043 2114 2238 2188 Ecclesiam

199 2206 294 2313 apud
312 2223 430 2290 virum
444 2222 595 2310 gravem.
646 2213 695 2286 Et
709 2210 847 2284 scholae
860 2216 1111 2304 gubernatores
1125 2215 1194 2305 ipsi
1242 2211 1406 2282 mirando
1427 2219 1535 2286 modo
1555 2232 1728 2288 servatam
1744 2243 1835 2305 esse;
1862 2246 1966 2314 quam
1981 2235 2021 2291 ut
2035 2246 2134 2289 nunc
2150 2244 2237 2313 quo·

84 2398 87 2404 4
198 2323 403 2415 praedicant
422 2334 520 2391 tuam
542 2334 632 2420 erga
644 2342 680 2387 se
697 2317 1001 2396 benevolentiam,
1025 2339 1131 2409 seque
1148 2310 1199 2407 29)
1243 2329 1316 2405 que·
1324 2329 1437 2384 servet
1453 2315 1548 2387 Deus
1563 2320 1602 2386 in
1618 2320 1753 2408 magnis
1768 2322 1933 2413 periculis
1950 2322 2177 2391 fluctuantem
2186 2314 2238 2407 ⁶²),

198 2421 437 2514 †praeci'pue'’
450 2437 509 2491 tun
526 2421 732 2490 auctoritate
747 2418 889 2487 delendi
906 2429 1062 2489 narrant.
1086 2415 1193 2504 Quod
1242 2416 1447 2485 ardentibus
1470 2421 1560 2488 votis
1580 2446 1741 2505 oremus,
1775 2437 1809 2491 et
1827 2424 1916 2492 sicut
1934 2424 1995 2491 ille
2016 2446 2120 2490 senex
2147 2440 2239 2495 nau-·

198 2547 280 2593 cum
302 2537 363 2594 tuo
388 2524 520 2592 iudicio
539 2514 617 2616 fiat,
642 2515 735 2588 nihil
757 2544 845 2610 opus
865 2531 916 2587 est
936 2543 1012 2586 mea
1030 2513 1194 2587 cohorta-
1243 2514 1357 2585 clerus
1377 2540 1460 2586 suae
1482 2519 1634 2589 familiae
1651 2523 1850 2592 doctrinam
1866 2519 1909 2619 ⁵³)
1933 2523 2066 2613 optima
2083 2523 2150 2591 lide
2165 2535 2236 2591 tra·

197 2627 308 2698 tione.
358 2623 427 2701 Sed
453 2637 566 2693 tamen
590 2623 633 2690 ad
655 2634 689 2691 te
708 2621 851 2710 scripsi,
876 2614 1079 2713 utmibi⁵⁰)
1100 2620 1194 2712 'quo-
1243 2617 1354 2701 didit,
1395 2619 1443 2687 ita
1471 2644 1536 2689 nos
1562 2646 1702 2715 qnoque
1728 2623 1847 2693 literas
1873 2638 1907 2696 et
1932 2622 2166 2712 Evangelium
2190 2624 2234 2691 ad

198 2748 268 2821 que
293 2725 438 2817 probari
459 2718 602 2813 ingenia
623 2736 657 2792 et
680 2722 915 2805 eruditionem
937 2721 1099 2805 illorum,
1131 2720 1193 2815 qui
1242 2718 1785 2808 posteritatemtransmittamus.
1837 2723 1968 2796 lterum
1988 2725 2076 2797 vale.
2111 2742 2115 2749 '

198 2851 295 2897 nunc
317 2826 534 2901 iuventutem
561 2824 729 2893 erudiunt
750 2822 786 2889 in
803 2823 891 2891 rrrbe
908 2819 1020 2890 restra
1037 2817 1097 2912 ¹¹),
1125 2820 1193 2889 sci·
1300 2848 1307 2860 ·

197 2952 273 3013 res,
299 2944 402 3020 teque
418 2951 499 3011 oro,
526 2938 565 2995 ut
583 2945 616 2996 et
633 2926 727 3015 ipsos
742 2937 777 2991 et
792 2920 931 2992 scholae
949 2922 1192 2992 auctoritatem

199 3042 232 3099 et
257 3028 482 3099 concordiam
504 3026 598 3115 tueri
620 3051 696 3094 non
719 3020 867 3099 desinas.
920 3022 1059 3094 Scimus
1084 3044 1193 3111 genus
1261 3083 1275 3115 Τ

197 3126 395 3199 humanum
420 3130 606 3220 praecipue
629 3128 810 3199 conditum
829 3149 901 3194 esse
918 3125 964 3217 ad
977 3123 1192 3215 agnitionem
1242 3084 1437 3209 Q·
1805 3214 1807 3218 μ
2051 3091 2234 3214 ἐξὲξ)

196 3226 287 3314 Dei,
319 3254 393 3299 non
417 3231 532 3301 solum
554 3223 854 3321 philosophicam,
880 3220 1128 3321 sed-etiam³²)
1147 3225 1192 3294 ad
1467 3283 1474 3302 ,
1561 3289 1568 3306 ,
1849 3276 1854 3288 .

197 3330 294 3399 illam
313 3354 452 3414 veram,
483 3329 541 3398 cui
556 3329 733 3420 praelucet
747 3325 928 3413 doctrina,
954 3327 993 3395 in
1011 3349 1080 3418 qua
1094 3322 1191 3399 Deus
1319 3282 1593 3394 Supplicaito
1611 3284 1673 3368 ad
1692 3284 1897 3403 carolum
1914 3285 2159 3378 Cstssffll'em·

197 3430 366 3522 prodiens
388 3454 429 3500 ex
451 3452 577 3505 arcana
598 3424 723 3509 leud'
743 3429 823 3496 sede·
846 3426 891 3495 ad
912 3420 1132 3522 bomines³³)
1156 3450 1192 3495 se
1309 3444 1388 3500 ratu
1402 3465 1416 3499 s
1429 3445 1577 3500 Peuttotn
1593 3447 1660 3500 uer.
1674 3445 1779 3503 consu.
1793 3448 1838 3504 ta.
1855 3448 1887 3503 a.
1901 3449 1925 3502 n·
1934 3448 2025 3573 psas
2038 3469 2145 3523 sqq...
2164 3437 2228 3504 ean

195 3530 385 3623 patefecit.
422 3528 508 3600 Ideo
531 3531 711 3599 literarum
727 3523 770 3621 ³⁴)
795 3527 950 3618 cognitio
973 3550 1057 3619 prae
1073 3528 1192 3599 omni·
1254 3589 1257 3593 .
1343 3515 1528 3637 ξξὴζζξζιῑριῖῑ
1545 3516 1733 3597 descriptam
1752 3519 1779 3570 ⁵¹¹
1799 3517 1862 3573 ⁰⁰³·
1877 3517 1932 3574 ⁰⁰¹
1953 3519 2036 3574 ·¹⁸⁹·
2056 3538 2082 3590 Ρ·
2097 3519 2140 3602 ¹⁷:
2177 3517 2229 3600 ¹³³?

1255 3620 1259 3625 -
1486 3605 1502 3637 u
1516 3594 1535 3637 tt
1550 3583 1602 3638 hoc
1615 3594 1746 3707 scriptum
1760 3587 1793 3639 ad
1807 3606 1870 3641 ann.
1887 3588 1978 3653 1543..
1996 3588 2044 3642 sed
2061 3607 2118 3641 non
2132 3586 2230 3641 tntellt-

196 3635 264 3701 ltus
284 3634 390 3702 rebus
412 3627 570 3702 humano
592 3631 710 3721 generi
727 3624 769 3723 ⁸⁸)
789 3626 816 3711 †
833 3642 884 3698 (tsi
903 3630 1114 3712 necessaria,
1140 3626 1192 3701 el„
1366 3651 1422 3704 itur
1433 3669 1489 3723 quo
1502 3653 1573 3707 iure.
1609 3651 1671 3706 Nibi
1696 3654 1768 3706 enim
1784 3655 2154 3727 constetdeobseseaeliqnn
2166 3657 2229 3709 urbe

222 3734 313 3803 meg
339 3759 425 3804 uum
441 3744 492 3802 est
507 3744 754 3802 ornamentum
773 3722 1018 3827 †clvllatum⁸⁸
1071 3727 1191 3818 Qum
1346 3670 1509 3802 germanice
1523 3721 1571 3776 illo
1585 3732 1717 3792 tempore.
1742 3723 1811 3776 Nem
1825 3723 1927 3777 bellum
1943 3723 2141 3780 Caesariecurn
2154 3723 2228 3778 Duos

124 3880 133 3889 -
195 3756 427 3905 iustissimum
444 3846 495 3904 est
538 3831 688 3905 fideliter
700 3826 744 3928 ³⁸)
762 3833 905 3901 delendi
919 3856 978 3903 eos
1018 3782 1190 3926 lpuirectc
1342 3789 1450 3910 dobin·e
1469 3791 2045 3913 ‹iir‘dilibtibblbtdu‘labl'iiduiultioel
2064 3792 2227 3914 greonem

196 3937 337 4008 docent.
395 3882 582 4006 Caeteium
605 3957 684 4002 cum
706 3928 774 4003 hoc
798 3928 953 4025 tempore
979 3883 1190 4003 dcademiae
1342 3876 1491 3998 sebbigab.
1511 3877 1584 3980 q¹m⁰
1602 3936 1641 3980 θ’)
1658 3926 1821 3999 supplicatio
1842 3879 1944 4003 serbis
1957 3879 2226 3987 deiril‘moesrs'cudo·

195 4036 237 4106 in
265 4033 321 4106 his
348 4036 554 4127 regionibus
576 4035 766 4126 dissipatae
786 4034 877 4120 sint,
915 4029 1008 4103 mihi
1028 4034 1191 4125 placeret,
1243 4052 1445 4092 .·>-···-
1516 4076 1520 4083 ,

194 4151 330 4208 vestrae
349 4131 490 4209 scholae
503 4136 589 4233 addi
605 4136 791 4222 lectorem,
820 4133 884 4230 qui
896 4130 1142 4227 arithmeticen
1155 4147 1190 4213 et
1272 4120 1550 4258 22M²¹¹lffl⁰⁰

194 4265 290 4277 ....--.
316 4261 418 4272 „w
482 4244 485 4249 -
1308 4203 1426 4272 >Meet
1439 4208 1509 4258 mab
1522 4205 1661 4272 exemplu
1677 4203 1835 4276 cod.Lang.
1849 4204 1908 4260 899.
1922 4207 2155 4275 moioeaeempio.

226 4315 273 4384 η)
290 4315 378 4371 Mmt,
393 4300 538 4370 mam,
555 4321 633 4368 mm,
919 4318 922 4325 ·
1093 4318 1097 4327 ·
1272 4287 1317 4355 29)
1337 4288 1449 4344 Verbis:
1473 4289 1548 4342 Olim
1563 4288 1676 4358 Poe'tae,
1698 4288 1793 4362 incipit
1806 4288 1906 4344 iterum
1913 4298 2004 4346 textus
2017 4290 2091 4363 apud
2103 4290 2164 4348 Pes.

226 4402 273 4468 24)
292 4400 361 4456 Vidi
373 4401 503 4454 ordinem
521 4407 548 4453 et
568 4414 638 4466 quse
656 4406 808 4466 sequuntur
829 4393 922 4449 omnia
942 4391 1027 4470 usqne
1043 4394 1076 4453 ad
1091 4390 1188 4454 rerba:
1271 4371 1319 4438 ⁴⁰)
1335 4371 1422 4469 ΨΜ)
1437 4375 1584 4467 W‘lil‘ffm·
1769 4468 1773 4473 ,

261 4472 329 4524 oiim
338 4479 440 4536 poetae
446 4469 620 4539 finxerunt,
636 4464 817 4536 praetermisit
832 4463 904 4519 l’es..
1271 4453 1319 4520 41)
1336 4461 1378 4522 m]
1396 4455 1482 4511 Menl.
1495 4460 1550 4509 bon
1564 4454 1652 4512 ltebet.

225 4553 270 4621 25)
288 4555 336 4622 qui
345 4561 412 4606 sunt
422 4555 480 4617 pm]
494 4549 583 4607 Msnl.
598 4546 786 4619 praetermisit.
841 4590 844 4599 .
1124 4556 1127 4565 '
1271 4540 1317 4610 42)
1337 4543 1438 4607 aaut]
1454 4540 1542 4597 Meet.
1554 4546 1655 4599 meua.
1832 4596 1836 4601 ,
1946 4598 1949 4605 ,
2018 4586 2023 4595 .

225 4640 271 4707 26)
289 4638 358 4696 cod.
374 4636 462 4692 Gotb.
472 4628 533 4692 tot.
551 4635 651 4705 Leyeii.
1270 4628 1319 4707 ⁴³).
1329 4624 1399 4684 Pes.
1410 4630 1575 4696 bosps'tdem
1592 4626 1680 4684 Meni.
1692 4630 1839 4696 hospitem.

224 4724 270 4793 27)
289 4722 358 4778 cot.
371 4721 455 4779 Gotb.
468 4720 530 4776 tot.
543 4721 746 4786 experrinenta.
1159 4710 1162 4717 ’
1270 4712 1316 4783 44)
1330 4716 1498 4782 prudentes]
1515 4712 1605 4771 Ma'nl.
1618 4723 1758 4782 potentes.

223 4810 270 4878 28)
287 4808 376 4866 Mani.
389 4824 452 4860 meo
466 4807 576 4858 iuds'es'o.
1270 4798 1317 4870 44)
1336 4798 1403 4856 God.
1421 4800 1507 4859 Goth.
1518 4800 1579 4856 tot.
1595 4809 1712 4875 quaesto.

222 4895 270 4964 29)
288 4891 377 4949 Meni.
390 4908 461 4946 sese.
1269 4884 1317 4951 46)
1332 4886 1412 4954 quie]
1431 4885 1494 4942 Pes.
1510 4902 1590 4939 mm.

220 4983 268 5051 80)
286 4980 368 5046 mt'lo']
388 4975 478 5032 Mesal-
490 4983 600 5030 nostre.
784 5004 788 5011 -
1158 4990 1162 5003 ·
1267 4971 1314 5038 47)
1331 4970 1479 5024 Postremo
1492 5002 1528 5015 -
1539 4969 1583 5036 ut]
1601 4966 1665 5023 Pes.
1680 4966 1840 5024 Benenate
1853 4975 1890 5020 et.
1940 5004 1949 5012 -

221 5067 269 5128 st)
286 5063 395 5131 vested]
413 5059 503 5115 Mart.
515 5067 626 5115 neure.
1267 5053 1315 5124 48)
1332 5054 1396 5111 Pes.
1406 5056 1530 5108 emesa.

220 5148 269 5231 82)
280 5144 379 5212 etiem]
393 5140 477 5197 codd·
491 5158 547 5194 uon
562 5139 669 5194 bahent·
882 5170 886 5177 ·
1267 5140 1317 5212 49)
1335 5141 1415 5195 Bene
1427 5143 1505 5209 vole,
1524 5143 1616 5204 enno]
1634 5138 1700 5191 Pes.
1714 5156 1770 5193 non
1782 5135 1872 5194 latet.

219 5233 266 5303 88)
283 5235 323 5286 oet
337 5227 481 5295 tenues]
499 5225 587 5281 Meni.
600 5225 773 5283 tumuitus.
919 5224 921 5229 ’
1266 5225 1311 5293 50)
1330 5227 1391 5286 die]
1406 5222 1470 5280 Pez.
1484 5221 1674 5294 praetermisit·
1852 5233 1856 5240 '

217 5317 264 5388 44)
279 5316 444 5375 literarum]
462 5309 552 5370 Meni.
565 5311 673 5371 aarum
684 5327 794 5366 rerem.
1265 5310 1312 5377 st)
1331 5308 1418 5364 Manl.
1432 5306 1506 5361 addit
1518 5315 1571 5362 est.

217 5403 264 5477 45)
280 5400 370 5458 Meni.
384 5400 505 5451 bumont
515 5396 638 5463 ceneris.
1265 5392 1310 5456 52)
1330 5389 1560 5461 Manlfloeturem
1572 5397 1674 5442 eteros.

214 5485 266 5556 26)
282 5480 372 5540 Meni.
384 5477 553 5548 ttfidslt'ssr·
1263 5474 1310 5544 64)
1326 5476 1500 5538 memora]
1510 5470 1608 5529 excidit
1619 5471 1693 5544 epod
1705 5469 1794 5529 Meni.
