4882 6436
678 346 692 365 ’·
782 325 1461 421 reseruassemus&
1514 276 1648 403 retr.

305 510 361 560 tuin
379 505 652 577 Witebergepsium,
683 515 714 560 ut
730 507 849 573 Caesaris
869 506 990 559 animum
1010 505 1149 560 sssctsrent
1168 496 1191 550 si

305 575 370 627 urbs
383 574 415 627 a'b
433 573 482 628 illo
501 584 649 644 expugnata
668 574 758 628 inerit.
792 574 864 628 Nihil
880 573 989 644 quidem
1010 581 1145 644 praeterea
1160 565 1190 619 in

203 670 208 695 ε
305 643 428 714 epistolis
441 645 476 696 de
487 643 537 697 bae
547 643 745 714 supplicatione
756 643 869 712 legitor,
895 643 967 695 unde
979 658 1043 695 vero
1057 639 1112 693 boc
1128 645 1191 690 ten·

305 721 362 764 tum
379 710 469 780 colligi
486 721 592 783 potest,
611 711 813 764 Melantbonem
828 711 882 763 boc
896 708 1028 780 seriptum
1041 707 1192 767 Witeber-

308 799 370 850 garn
386 779 490 831 mittere
505 797 560 830 non
581 779 715 849 potuisse,
741 781 783 834 vel
797 787 871 832 certe
886 775 1043 848 lmperatori
1063 771 1191 827 traditum

307 866 363 900 non
376 865 442 899 esse.
458 880 493 892 -
526 845 638 901 Servata
651 856 740 901 autern
761 847 839 901 nobis
852 855 891 899 est
903 846 1001 915 duplex
1018 843 1110 912 scripti
1132 840 1192 892 ior-

307 932 369 979 ma,
389 916 471 966 altera
487 914 619 975 sPecelio
635 915 703 968 edita
739 917 818 968 altera
832 933 912 985 quern
927 912 1018 965 inveni
1032 913 1059 965 in
1076 927 1192 980 apogra-

206 1021 210 1027 -
308 984 432 1053 pbocod.
443 982 538 1048 Basil,
558 1000 626 1052 quae
640 983 673 1035 ab
687 953 731 1036 illa
743 985 779 1037 ite
794 983 899 1036 diversa
913 990 969 1042 est,
988 989 1018 1032 nt
1030 979 1074 1060 bic
1086 988 1193 1057 utram·

308 1070 361 1121 que
377 1052 519 1120 seperatim
534 1050 598 1104 dare
608 1051 763 1104 consultum
779 1050 922 1106 rideretur.
955 1048 985 1104 Si
998 1054 1192 1102 comestorem

204 1134 209 1143 ’
306 1139 353 1183 re,
373 1118 405 1169 de
419 1137 470 1189 qua
485 1129 621 1188 praeterea
633 1117 697 1172 nibil
714 1131 822 1172 'rorsus
835 1121 952 1185 scimus,
978 1116 1049 1170 licita
1062 1124 1117 1181 est,
1139 1132 1194 1184 pu-

306 1184 437 1251 taverim,
458 1185 663 1239 Melantbonem
677 1138 728 1243 vel
1165 1181 1172 1195 ⁶

306 1255 373 1309 urbe
386 1253 520 1305 eiusmodi
533 1255 760 1327 supplicationem
775 1258 893 1327 primurn
907 1255 1062 1307 festinanter
1072 1251 1192 1322 scriptis·

305 1320 946 1459 :tabilitate..ttltiitdfflntlss
963 1318 1192 1443 ssla'l'at‘lt?

307 1459 379 1512 banc
391 1459 511 1514 servarit
524 1459 609 1514 codes
621 1411 703 1515 uniit.
722 1491 763 1513 -‚
1185 1424 1194 1454 ³

347 1561 650 1656 inscriptum
678 1592 723 1634 ex
749 1563 851 1639 Mel.
876 1515 1046 1636 consil.

199 1674 247 1748 ‘H
264 1676 442 1776 drotoyto
472 1704 546 1776 quo
573 1675 746 1751 honestae
771 1679 941 1772 coniuges
966 1672 1192 1748 sacerdotum

203 1777 384 1875 supplices
396 1775 451 1847 ad
464 1781 724 1877 Imperatorem
741 1779 970 1877 utipossint,
999 1774 1193 1847 nobellum
1247 1806 1255 1822 ·

204 1876 385 1950 Ecclesiis
402 1877 643 1973 Evangelicis
662 1881 819 1980 inserat:
853 1879 990 1976 scripta
1012 1906 1037 1950 n
1054 1873 1193 1974 Philip.

470 1978 664 2056 Melanth.
692 1982 929 2059 Ann0154‘e.

202 2096 382 2186 Ferarum
409 2117 513 2186 etiam
538 2130 684 2186 naturae
698 2115 794 2185 Deus
816 2114 910 2186 hunc
934 2137 1074 2183 sensum
1097 2113 1194 2180 indi-

204 2217 276 2299 dit,
303 2229 341 2284 ut
357 2231 483 2286 matres
500 2217 707 2287 delensurae
730 2219 863 2287 catulos
879 2241 961 2286 suos
973 2213 1017 2310 ¹),
1042 2216 1193 2303 impavi-

205 2319 270 2387 dae
287 2317 325 2383 in
343 2318 412 2386 tela
426 2318 578 2390 irruant.
613 2317 687 2387 Nos
703 2344 774 2410 quo
791 2321 910 2388 animo
926 2340 999 2386 esse
1014 2317 1194 2399 debemus,

205 2419 275 2487 iarn
291 2418 385 2487 bello
403 2433 517 2503 motu,
551 2432 585 2488 et
600 2421 744 2488 collecto
767 2422 920 2488 exercitu
935 2442 976 2486 ex
991 2416 1195 2487 nationibus

207 2518 350 2603 exteris,
375 2539 464 2611 quae
483 2519 670 2590 festinatae
686 2522 954 2612 superstitione,
980 2533 1014 2588 et
1031 2518 1195 2586 incitatae

207 2618 394 2689 virulentis
416 2621 602 2689 calumniis
618 2623 784 2690 adversus
804 2646 869 2691 nos
891 2620 1068 2703 confictis,
1101 2619 1194 2686 inse-

206 2720 377 2790 stissimae
393 2734 475 2792 sunt
488 2746 628 2795 caussae
644 2723 807 2792 nostrae?
833 2723 1004 2790 Videmus
1021 2733 1195 2811 quantum

205 2821 407 2910 impendeat
424 2824 680 2913 periculorum,
703 2847 776 2891 non
794 2836 929 2892 tantum
941 2821 1064 2902 nobis,
1085 2845 1124 2889 ac
1139 2822 1195 2889 fa-

204 2921 313 2988 miliis
329 2925 478 3002 nostris,
513 2925 574 2992 sed
591 2938 642 2993 tot
656 2925 819 3013 gentibus
836 2948 875 2993 ac
891 2922 1135 3012 Principibus,
1160 2935 1195 2991 et

204 3019 271 3112 ipsi
287 3017 475 3096 Ecclesiae.

305 3120 381 3195 Etsi
399 3149 581 3195 movemur
601 3127 752 3195 orbitate
769 3124 962 3194 liberorum
980 3138 1194 3209 nostrorum,

205 3237 323 3294 tamen
341 3249 404 3295 nec
425 3226 543 3296 mariti
559 3227 691 3312 nostri,
722 3251 787 3295 nec
803 3247 868 3297 nos
887 3239 1035 3296 mortem
1056 3225 1195 3314 defugi-

205 3350 304 3409 mus,
339 3348 444 3420 quam
467 3327 506 3397 in
527 3328 745 3399 consessione
768 3328 850 3398 fidei
872 3323 1005 3399 Christi
1029 3342 1193 3419 oppetere

205 3427 399 3516 gloriosum
415 3431 587 3503 ducimus.
622 3428 703 3501 Alia
720 3442 802 3500 sunt
816 3428 901 3499 belli
916 3431 1063 3500 vulnera
1079 3429 1195 3498 multu

207 3528 399 3610 atrociora,
432 3553 619 3620 quaerere
644 3545 678 3600 et
700 3531 940 3622 deprecanda,
971 3545 1004 3599 et
1027 3516 1195 3621 pertime-

206 3628 334 3695 scenda
354 3640 455 3711 sunt,
488 3653 563 3697 non
584 3644 720 3699 tantum
746 3628 971 3714 mulieribus,
1004 3631 1064 3698 sed
1089 3628 1194 3698 etiam

204 3724 291 3795 viris
308 3728 471 3814 sortibus,
494 3725 1090 3826 amantibusChristiEcclesiam’):
1117 3726 1195 3797 Ho-

206 3841 322 3897 nestas
336 3842 534 3911 matronas,
568 3854 609 3901 ac
626 3831 760 3923 puellas
774 3831 935 3917 nobiles,
967 3845 1067 3901 natas
1083 3831 1122 3899 in
1141 3831 1196 3901 [a-

206 3930 315 3999 miliis
329 3925 506 4016 honestis,
526 3934 704 4022 praeditas
715 3933 859 4024 optimis
875 3931 1052 4016 moribus,
1078 3929 1192 4002 Deum

205 4045 297 4100 recte
313 4031 468 4101 colentes
482 4034 559 4125 rapi
581 4036 624 4104 ad
642 4048 762 4125 stupra
784 4059 804 4103 a
818 4032 979 4103 barbaris
995 4048 1029 4104 et
1052 4032 1194 4103 furiosis

204 4131 380 4202 militibus
402 4135 580 4209 nolumus.
632 4132 1093 4218 VastitatesEccletiarum,
1118 4147 1195 4203 tru-

205 4233 331 4305 cidatis
343 4235 600 4318 sacerdotibus,
624 4226 735 4306 deleta
754 4237 919 4322 veritate,
944 4236 1105 4307 extinctis
1118 4247 1194 4306 stu-

206 4331 277 4400 diis
291 4326 518 4402 bonestarum
534 4335 683 4414 artium,
708 4337 844 4406 futuras
862 4360 934 4406 esse
951 4338 1194 4429 prospicimus.

306 4428 446 4502 Horum
471 4435 709 4524 periculorum
731 4437 895 4525 cogitatio
917 4460 1082 4527 pavorem
1114 4461 1194 4505 mu-

206 4534 354 4603 liebrem
370 4534 454 4605 vicit
467 4532 518 4626 ³),
540 4560 676 4630 nosque
691 4538 861 4628 perpulit,
886 4551 925 4610 ut
939 4561 1067 4628 magno
1082 4537 1192 4628 agmi-

205 4659 252 4704 ne
267 4637 311 4704 ad
329 4648 364 4705 te
378 4634 572 4728 Imperator
587 4639 749 4730 quamvis
763 4653 957 4724 armatum,
983 4642 1075 4711 etad
1095 4662 1192 4710 erer-

205 4736 317 4807 citum
333 4732 364 4831 ⁴)
391 4737 430 4807 in
455 4741 639 4829 procinctu
660 4753 809 4810 stantem
832 4741 1094 4828 accederemus,
1129 4766 1191 4811 ceu

205 4839 385 4930 qnondam
400 4837 555 4911 Sabinae
575 4863 612 4911 se
634 4841 727 4912 inter
741 4843 884 4931 medios¹
899 4843 1070 4912 exercitus
1093 4840 1191 4912 intu-

145 5004 149 5009 .
195 4917 286 5009 iisse
302 4941 487 5026 feruntur,
519 4956 554 5013 et
568 4943 838 5034 deprecaremur
860 4967 934 5013 non
958 4967 1100 5030 necem,
1130 4944 1190 5015 sed

202 5039 354 5131 impium
365 5041 501 5112 bellurn
519 5055 554 5114 et
571 5044 709 5115 exitiale
722 5045 856 5138 patriae
871 5058 907 5116 et
920 5040 1108 5119 Ecclesiae.

235 5221 264 5288 t)
279 5237 334 5288 pro
344 5221 447 5275 sotubs
459 5221 521 5275 ιώ
537 5221 599 5284 eod.
613 5220 696 5280 Gotb.
711 5221 773 5278 189.

234 5302 265 5373 l)
283 5308 557 5361 amantissimum
572 5308 751 5364 eulesiorum
764 5306 869 5365 obiret
882 5308 945 5368 cod.
960 5307 1043 5365 Gott.
1059 5309 1119 5367 189.

235 5389 266 5460 8)
283 5391 368 5446 vincit
385 5390 624 5449 eod.Gotb.189.

233 5471 269 5545 9)
284 5483 367 5530 mm
383 5474 451 5539 md,
465 5473 550 5536 Golh·
564 5477 624 5536 189·
653 5540 657 5548 ¹

730 1198 826 1256 sponte
835 1187 877 1241 vel
890 1188 986 1256 rogalu
999 1183 1151 1237 amicorum
1165 1198 1193 1235 ιιι
1246 1202 1255 1218 ·

2158 323 2235 397 522

1344 495 1558 590 Quanquam
1573 510 1688 566 autem
1697 490 1876 589 Erinnyas
1886 492 2055 588 quasdam
2069 493 2136 563 tibi
2149 488 2235 561 hor·

1242 597 1382 667 latrices
1399 621 1472 667 esse
1486 601 1530 668 ad
1553 597 1685 666 bellum
1703 598 1850 681 scimus,
1881 595 2106 666 tameniama
2127 593 2234 664 boni-

1244 699 1325 766 tatis
1341 712 1420 768 tuae
1437 722 1534 790 spem
1549 700 1653 766 nobis
1667 698 1771 781 lacit,
1807 710 1841 766 te
1855 697 1969 767 nostri
1985 709 2104 764 coetus
2121 689 2234 764 hone·

1243 812 1312 868 stas
1334 813 1368 869 et
1390 800 1465 891 pias
1489 807 1613 891 preces'
1641 799 1877 867 admissurum
1900 821 1990 881 esse,
2028 796 2235 887 praesertim

1244 924 1324 968 cum
1339 913 1374 970 et
1389 924 1545 969 caussam
1560 914 1716 971 nostram
1734 921 1800 968 nos
1813 899 2105 990 probaturosesse
2117 896 2235 964 omni·

1244 1003 1312 1071 bus
1336 1001 1401 1092 piis
1424 1025 1496 1071 non
1518 1001 1738 1084 dubitemus,
1776 1013 1811 1068 et
1834 1013 1995 1069 nostrum
2027 998 2237 1089 periculum,

1245 1126 1325 1171 cum
1341 1102 1449 1172 totius
1463 1098 1640 1171 Ecclesiae
1657 1100 1813 1191 periculo
1831 1101 2060 1170 coniunctum
2081 1122 2171 1181 esse,
2197 1111 2237 1166 tu

1244 1225 1319 1293 rpse
1334 1203 1464 1271 videas.
1514 1201 1604 1271 Nam
1630 1226 1710 1269 eum
1735 1202 1773 1268 in
1795 1201 1944 1270 summis
1964 1198 2123 1288 Regibus
2145 1199 2235 1266 erni-
2267 1216 2274 1233 ¹

1245 1326 1328 1373 nere
1343 1304 1483 1372 bonitas
1499 1303 1644 1386 debeat,
1678 1307 1713 1371 et
1728 1315 1761 1370 te
1777 1303 1822 1370 ad
1838 1296 2017 1371 heroicam
2030 1312 2237 1369 mansuetu·

1244 1404 1365 1472 dinem
1383 1416 1509 1472 natura
1525 1403 1703 1491 genuerit,
1735 1402 1823 1494 quid
1836 1402 1944 1471 luerit
1966 1401 2148 1489 indignius
2165 1397 2236 1467 lm·

1245 1504 1587 1595 peratorislastigio,
1618 1516 1652 1571 et
1672 1503 1822 1571 alienius
1836 1525 1855 1571 a
1870 1514 1995 1570 natura
2018 1515 2098 1585 tua,
2130 1523 2238 1592 quarn

1245 1605 1320 1673 fieri
1337 1617 1370 1673 te
1386 1605 1520 1672 alienae
1538 1603 1702 1673 saevitiae
1719 1602 1994 1672 administrum?

1347 1701 1497 1774 Audivit
1511 1702 1588 1776 Rex
1599 1705 1733 1773 Darius
1748 1701 2083 1795 puellamEbraeam
2100 1698 2240 1783 Hester,

1244 1808 1519 1875 intercedentem
1537 1806 1672 1874 crudeli
1685 1807 1812 1887 edicto,
1833 1816 1939 1895 seque
1954 1802 2112 1870 revocari
2127 1826 2148 1870 a
2163 1825 2239 1870 sae·

1247 1905 1332 1976 vitia
1348 1929 1471 1996 passus
1486 1919 1548 1975 est.
1589 1902 1763 1974 Davidem
1778 1903 2037 1992 llexitrlbigail,
2064 1902 2238 1996 eumqui·
2352 1968 2362 1989 ,

1247 2008 1326 2073 dem
1343 2006 1431 2075 iuste
1448 2007 1556 2074 iratus
1566 2019 1665 2078 esset.
1718 1999 1770 2074 Ac
1783 2027 1962 2094 possemus
1977 2004 2105 2072 similia
2122 2027 2239 2073 exem·

1245 2107 1303 2197 pla
1318 2108 1429 2176 multa
1444 2129 1719 2175 commemorare
1731 2106 1965 2174 maximorum
1982 2102 2142 2192 Regum,
2176 2105 2239 2196 qui

1246 2208 1434 2276 mulierum
1457 2207 1620 2297 precihus
1654 2209 1696 2274 ad
1720 2207 1867 2297 meliora
1901 2205 2049 2274 consilia
2084 2205 2240 2274 revocati

1246 2304 1380 2399 sunt³).
1432 2305 1552 2395 Quare
1567 2331 1631 2375 nec
1648 2307 1711 2377 tihi
1730 2304 1925 2397 Imperator
1939 2306 2146 2375 indecorum
2161 2306 2241 2389 erit,

1246 2407 1384 2499 piarum
1399 2409 1588 2476 mulierum
1607 2408 1770 2498 precibus
1785 2432 1918 2475 morem
1934 2429 2066 2495 gerere.

1347 2504 1535 2576 Existimes
1550 2522 1684 2593 autem,
1712 2509 1807 2599 quod
1821 2532 1877 2576 res
1894 2521 1955 2590 est,
1979 2507 2164 2575 nobiscum
2180 2501 2240 2576 hic

1247 2620 1359 2676 astare
1384 2608 1639 2677 sanctissimam
1673 2622 1821 2677 matrem
1853 2622 2008 2677 nostram
2031 2603 2240 2691 Ecclesiam,

1246 2732 1336 2799 quae
1354 2732 1434 2776 curn
1452 2723 1597 2800 propter
1612 2721 1732 2778 nostra
1747 2709 1911 2798 coniugia
1927 2707 2150 2800 potissimum
2167 2707 2239 2775 ira-

1246 2808 1295 2876 sci
1312 2805 1427 2895 Reges
1453 2822 1488 2878 et
1504 2808 1688 2900 Principes
1708 2811 1897 2878 universae
1916 2808 2097 2880 doctrinae
2114 2802 2239 2877 Evan-

1246 2908 1328 2996 gelii
1343 2911 1493 2994 videret,
1528 2905 1701 2981 hortatrix
1718 2911 1821 2979 nobis
1837 2911 1924 2994 fuit,
1955 2910 2119 2979 utad'te
2139 2932 2239 2979 acce-

1246 3010 1425 3094 deremus,
1450 3034 1489 3079 ac
1506 3012 1670 3082 mandata
1686 3012 1804 3096 dedit,
1829 3034 1919 3103 quac
1934 3023 2054 3080 nostra
2068 3033 2154 3078 voce
2170 3010 2239 3079 tibi

1246 3111 1373 3201 exponi
1397 3111 1520 3184 voluit.
1574 3109 1681 3199 Quod
1706 3124 1757 3180 est
1779 3125 1895 3180 autern
1920 3111 2047 3180 leutius
2068 3110 2238 3195 officium,

1246 3234 1351 3302 quam
1376 3235 1451 3291 eos,
1491 3211 1554 3304 qrri
1578 3213 1790 3303 profitentur
1811 3234 1848 3279 se
1871 3207 2065 3281 Ecclesiam
2087 3225 2237 3300 matrem

1245 3333 1453 3399 agnoscere,
1485 3313 1561 3382 eius
1573 3311 1818 3382 intercessioni
1837 3335 1877 3382 ac
1892 3311 2086 3384 sententiae
2103 3313 2238 3394 cedere,

1244 3408 1348 3484 iustis
1363 3413 1525 3503 precibus
1542 3437 1677 3483 morem
1693 3436 1824 3502 gerere.

1345 3525 1443 3597 Haec
1468 3528 1570 3598 initio
1592 3529 1695 3598 iussit
1711 3529 1779 3598 tibi
1795 3522 1888 3598 hane
1906 3551 2028 3596 vocem
2052 3528 2237 3598 coelestem

1247 3628 1525 3700 commemorari.
1565 3622 1659 3722 ⁸Qui
1672 3624 1828 3697 obstruit
1842 3650 1950 3697 neres
1964 3623 2140 3698 adversus
2156 3624 2238 3697 cla-

1246 3748 1380 3796 morem
1401 3749 1625 3822 pauperum,
1656 3724 1834 3797 clamabit
1851 3736 1882 3796 et
1900 3725 1994 3821 ipse,
2027 3736 2059 3796 et
2078 3752 2152 3797 non
2172 3750 2238 3798 ex·

1246 3823 1428 3902 audietur.
1480 3827 1577 3899 Tuas
1595 3852 1714 3921 preces
1729 3825 1942 3919 Imperator,
1974 3829 2003 3896 si
2020 3829 2116 3897 voles
2130 3855 2237 3899 exau-

1246 3929 1327 4016 diri,
1352 3953 1418 3999 nos
1430 3929 1502 3998 iam
1514 3930 1874 4026 exaudideprecantes
1890 3931 2045 4015 crudele,
2064 3929 2237 4001 iniustum

1246 4044 1282 4104 et
1295 4031 1469 4102 netarium
1487 4032 1635 4107 bellum.

1348 4147 1518 4220 Moveare
1525 4150 1693 4219 foeminei
1707 4173 1810 4220 sexus
1818 4147 2026 4231 reverentia,
2039 4173 2143 4242 parce
2154 4174 2237 4243 par-

1245 4248 1299 4319 vis
1315 4251 1452 4341 pueris,
1478 4264 1513 4321 et
1529 4252 1674 4341 puellis,
1700 4250 1830 4345 quibus
1847 4251 1951 4324 etiam
1965 4251 2075 4343 captis
2087 4252 2238 4326 urbibus

1247 4350 1418 4421 immams
1434 4353 1578 4421 barbari
1600 4375 1742 4444 parcere
1758 4353 1893 4436 solent,
1926 4375 2029 4444 parce
2046 4353 2178 4443 patriae
2202 4369 2237 4426 et

1245 4448 1423 4520 Ecclesiae
1437 4447 1590 4538 Christi,
1622 4478 1712 4545 quae
1735 4467 1786 4523 est
1800 4455 1908 4523 altera
1922 4477 1961 4523 ac
1977 4453 2096 4521 verior
2114 4456 2238 4543 patria,

1245 4552 1283 4620 in
1296 4575 1366 4644 qua
1381 4548 1439 4622 his
1452 4554 1559 4623 armis
1580 4569 1758 4624 aeternam
1774 4556 1971 4624 vastitatem
1984 4554 2124 4622 efficies.
2164 4555 2237 4625 Ve-

1244 4651 1423 4724 rissimum
1439 4669 1491 4725 est
1505 4656 1600 4724 enim
1618 4656 1707 4726 illud
1727 4653 1876 4725 Po'e‘tae:
1901 4649 1992 4724 Atta
2006 4649 2130 4723 sedent
2146 4653 2235 4726 cici-

1243 4749 1293 4822 tis
1310 4750 1462 4825 volnera
1477 4750 1640 4830 dextrae.
1680 4754 1733 4826 Ac
1750 4757 1882 4826 multae
1898 4777 2044 4845 magnae
2061 4770 2094 4827 et
2111 4780 2235 4848 graves
2322 4784 2330 4803 ³

1242 4879 1382 4927 caussae
1401 4872 1501 4943 sunt,
1533 4881 1624 4951 quae
1644 4873 1679 4929 te
1691 4857 1842 4927 maxime
1862 4852 1930 4927 boc
1951 4871 2127 4950 tempore,
2152 4883 2234 4928 curn

1241 4955 1352 5028 Tucci
1366 4960 1567 5049 vagabundi
1577 4970 1748 5049 vagantur
1762 4958 1800 5027 in
1816 4959 1946 5028 linibus
1961 4953 2125 5028 Austriae
2141 4973 2234 5046 tuae,

1241 5052 1376 5129 hortari
1390 5063 1583 5141 debebant,
1608 5085 1652 5128 ne
1668 5060 1707 5127 in
1723 5057 1916 5130 Germania
1931 5059 2139 5129 intestinum
2154 5058 2234 5129 bel-

1240 5158 1315 5229 lum
1330 5165 1552 5246 accenderes,
1587 5160 1723 5233 etiarnsi
1741 5160 1923 5230 incidisset
1938 5160 2162 5252 quorundam
2180 5161 2233 5230 ri·

1180 5280 1183 5288 ’
1239 5273 1341 5332 tuum
1364 5257 1603 5334 humanorum
1632 5261 1803 5346 mutatio,
1845 5283 1952 5355 quam
1983 5284 2058 5329 non
2082 5262 2232 5334 omnino

1205 5507 1213 5517 -
1272 5483 1304 5555 8)
1322 5482 1373 5541 llic
1386 5482 1485 5540 desinit
1497 5481 1672 5558 apographon
1685 5481 1715 5538 in
1727 5481 1788 5540 cod.
1802 5479 1885 5538 Goth.
1902 5480 1964 5539 889.
