4882 6426
14 410 73 429 W
137 308 213 386 95⁷
708 305 1147 390 EPISTOLARUM
1205 315 1314 393 LIB.
1347 315 1413 394 xl.
1468 313 1600 392 1548.
2106 317 2181 393 958

89 452 99 479 I
137 475 335 606 Q·
979 489 1125 560 80.Iun.
1184 490 1355 573 movebo,
1381 489 1410 558 si
1432 488 1495 559 alii
1518 488 1645 560 volunt
1660 501 1796 561 mutare
1811 483 2002 563 Ecclesias:
2030 495 2089 562 sed
2104 492 2179 562 dis·

957 581 1129 611 ’Ν
1184 591 1325 675 cedam,
1349 586 1425 660 Deo
1453 591 1688 680 gubernante,
1715 593 1754 660 iu
1783 593 1853 661 alia
1875 593 1967 663 loca:
1996 596 2077 688 quia
2101 616 2178 664 sae-

449 670 499 759 G.
529 671 833 764 BucltlwlzerO.
1182 690 1322 776 vitiam,
1364 715 1454 784 quae
1483 692 1694 783 suscipietur
1717 695 1884 765 adversus
1907 696 1985 786 pios
2009 709 2177 785 pastores,

240 847 339 907 mm
357 849 456 922 sime·
473 869 502 920 p.
516 852 618 925 294&
1183 813 1407 911 nequaquam
1437 794 1603 912 adiuvare
1638 794 1732 910 volo.
1754 892 1762 911 .
1788 792 1893 914 ‚Bene
1911 797 2051 916 .V²¹¹⁰¹?:
2107 792 2175 914 llic

1183 894 1294 963 natali
1308 892 1418 965 Ducis
1430 889 1592 965 Ioannes
1607 888 1812 983 Frederscs,
1839 910 1923 968 rustr
1945 912 1980 969 et
2001 920 2051 989 pn
2069 894 2175 966 Prin·

139 1002 342 1104 Georgia
380 1003 731 1179 Buchhplzcro,
774 1012 986 1112 praeposito
1017 1012 1136 1091 Bero-
1184 993 1282 1085 εἰΡῙ5·

582 1134 713 1199 snsnss,

88 1364 95 1372 ι
136 1240 184 1332 S.
206 1252 257 1377 l).
307 1252 608 1376 Reverendevir,
629 1272 664 1329 et
680 1261 792 1331 amice
806 1220 1021 1340 charissime.
1055 1263 1135 1340 Etsi
1181 1312 1250 1388 No.
1263 1310 1377 1388 4278·
1996 1324 2060 1405 (ex.
2077 1319 2162 1405 hm.)
2215 1289 2220 1299 '

138 1360 295 1433 arbitror
315 1380 379 1427 vos
400 1379 472 1426 ram
491 1359 622 1439 vidisse
638 1363 838 1453 exemplum
854 1380 995 1436 nostrae
1010 1370 1135 1439 admo·
1187 1409 1359 1439 Μ
1994 1412 2165 1444 Μ

138 1459 287 1533 uitiouis
318 1459 363 1528 de
387 1458 483 1528 libro
508 1456 737 1549 augustano,
777 1465 926 1557 scriptae
951 1471 1135 1540 communi
1369 1493 1571 1609 carmiger
1592 1496 1654 1581 ad
1672 1494 1970 1585 septo-lma&

137 1558 392 1635 deliberatione
414 1556 570 1629 breviter
587 1574 623 1631 et
638 1565 810 1635 modeste:
836 1580 953 1638 tamen
970 1571 1054 1662 quia
1071 1594 1133 1661 pe-
1971 1561 1983 1586 ⁶
2089 1622 2097 1631 .

136 1661 282 1745 livistis,
314 1659 429 1732 mitto.
488 1656 562 1731 Nec
589 1659 763 1752 prohibeo
793 1671 932 1739 ostendi
956 1672 1133 1759 omnibus,
1281 1656 1388 1730 scripu
1404 1656 1481 1730 publ.
1498 1658 1584 1717 ΑΜ·
1598 1658 1678 1716 wis.
1696 1662 1730 1718 T·
1743 1663 1768 1718 ¹·
1785 1681 1811 1734 Ρ·
1823 1664 1885 1721 21⁵·

136 1764 199 1860 qui
214 1761 337 1830 videre
350 1761 490 1833 volunt.
541 1759 618 1833 lmo
637 1767 858 1839 doctissimos
874 1771 970 1843 viros
987 1773 1024 1840 in
1039 1770 1132 1844 Ara·
1178 1806 1218 1884 R
1256 1822 1269 1883 ι
1314 1818 1319 1827 -
1345 1810 1382 1884 Α
1426 1811 1454 1884 d
1516 1813 1524 1832 .
1598 1811 1731 1890 ΨΜ
1775 1808 1812 1890 C
2055 1811 2091 1893 C

136 1863 250 1936 demia
271 1853 607 1959 Francosordiana
629 1866 763 1938 iudices
783 1894 857 1942 esse
878 1871 981 1943 facile
1003 1875 1130 1965 patior.
1220 1836 1254 1884 ⁶⁶
1271 1838 1312 1884 ⁰7
1381 1839 1422 1886 ⁶⁰
1451 1837 1565 1986 ‘me
1592 1940 1637 1987 er
1660 1841 1756 1990 ¹2⁰⁰
1776 1929 1789 1990 ἰ
1814 1843 2020 1988 {Ullam
2096 1842 2172 1891 W·

135 1966 208 2037 Nec
230 1962 355 2034 dubito
380 1962 499 2033 virum
520 1965 754 2039 clarissimum
777 1968 821 2041 Ι).
840 1974 1020 2045 doctorem
1038 1974 1130 2046 Hie.
1556 1942 1584 2012 ὅ
1648 1973 1658 2006 ¹
1758 1943 1843 1992 ⁶⁰·

72 2124 75 2129 ·
138 2094 343 2167 rouymum,
363 2064 408 2141 de
423 2063 673 2144 iustificatione
687 2072 967 2147 desideraturum
982 2077 1021 2145 in
1035 2078 1128 2149 libro
1179 2054 1337 2158 Querela
1354 2067 1513 2138 adfertur
1528 2067 1573 2137 ad
1589 2091 1665 2153 nos,
1690 2092 1864 2142 concursu
1881 2066 2171 2145 scholasticorum

135 2179 344 2266 Augustano
365 2171 617 2250 sinceritatem.
682 2174 864 2248 Mitterem
891 2191 925 2247 et
946 2180 1062 2270 ipsum
1083 2180 1130 2248 li·
1177 2169 1342 2260 impediri
1360 2191 1439 2253 eos,
1464 2169 1527 2262 qui
1542 2165 1724 2240 machinas
1740 2173 1896 2244 evecturi
1914 2186 2015 2261 sunt,
2041 2188 2075 2245 et
2088 2173 2169 2269 qui·

134 2282 241 2351 brum
267 2270 534 2366 Augustanum,
576 2276 607 2345 si
638 2277 741 2367 plura
768 2280 926 2370 exempla
951 2275 1129 2354 haberem,
1176 2271 1327 2342 busdam
1349 2269 1498 2339 iniurias
1522 2268 1608 2343 fieri.
1660 2267 1739 2342 Etsi
1751 2297 1815 2344 suo
1832 2298 1996 2368 querque
2010 2276 2169 2367 periculo

136 2380 208 2451 Sed
229 2370 321 2447 mibi
343 2374 495 2459 credite,
528 2378 639 2447 multa
662 2378 779 2448 sutilia
805 2374 1020 2472 sophismata
1044 2382 1129 2452 libri
1176 2372 1313 2443 moveri
1333 2373 1538 2465 oportebat,
1565 2394 1610 2440 ne
1625 2374 1670 2440 ad
1686 2374 1783 2455 illam
1801 2378 2094 2447 transvectionem
2111 2400 2169 2447 ac.

135 2474 336 2569 Augustani
355 2498 500 2567 prorsus
515 2500 590 2546 uon
605 2479 716 2569 attigi.
768 2475 867 2572 Opto
881 2496 916 2552 et
932 2504 995 2573 ego
1008 2506 1128 2573 pacem
1175 2477 1334 2559 cederet,
1357 2476 1402 2545 ad
1425 2495 1531 2567 quam
1546 2467 1703 2564 hospites
1719 2471 1872 2548 adhibiti
1886 2492 1989 2568 sunt,
2014 2478 2077 2571 qui
2094 2501 2168 2547 non

134 2576 410 2652 elconwrdlam
426 2571 675 2653 Ecclesiamm.
713 2578 783 2653 Srd
797 2583 890 2653 liber
901 2579 1129 2674 Augustanus
1175 2578 1384 2647 discernunt
1404 2570 1629 2646 scholasticos
1650 2578 1846 2665 denoteris,
1872 2591 1991 2649 tamen
2007 2603 2086 2649 cum
2102 2579 2169 2648 ali-

134 2704 200 2753 nee
224 2680 269 2750 ad
294 2676 499 2763 veritatem,
529 2702 595 2750 nec
614 2683 658 2752 ad
681 2686 906 2755 concordiam
930 2686 997 2757 erit
1017 2686 1128 2768 utilis,
1176 2678 1240 2773 qui
1262 2678 1318 2746 vel
1336 2676 1470 2748 incauti
1491 2676 1548 2746 vel
1572 2675 1770 2767 petulantes
1786 2692 1991 2767 accurrant,
2017 2682 2166 2749 manda·

133 2796 175 2854 ut
189 2781 373 2874 aliquanto
390 2791 471 2871 post
487 2801 542 2849 res
560 2781 635 2874 ipsa
649 2786 821 2855 ostendet.
876 2784 1001 2856 Meum
1019 2787 1129 2876 igitur
1174 2802 1255 2848 mus
1278 2777 1513 2862 severissime,
1546 2800 1592 2845 nc
1615 2777 1696 2868 quis
1716 2774 1945 2852 scholasticus
1967 2783 2108 2850 accedat
2122 2781 2169 2849 ad

132 2882 322 2955 consilium
346 2903 387 2950 eo
403 2891 554 2972 spectat,
579 2898 620 2953 ut
634 2907 714 2955 cum
728 2879 795 2956 bac
809 2887 885 2968 via,
913 2911 1019 2982 quam
1036 2888 1128 2958 liber
1174 2881 1429 2964 ittamturbam
1445 2872 1749 2948 transvehentium
1765 2876 1967 2966 machinas,
1993 2904 2058 2951 noc
2073 2903 2109 2949 se
2127 2881 2167 2949 in

134 2982 362 3074 Augustanus
383 2981 571 3074 proponit,
598 3007 672 3054 non
694 2987 805 3076 possit
828 2988 890 3058 illa
905 3012 1010 3058 aurea
1024 3001 1128 3075 aetas,
1174 2982 1253 3072 ripa
1276 2981 1420 3051 misceat
1442 2979 1571 3072 aliquis
1591 2979 1824 3056 multitudini.
1880 2979 2102 3052 Parcendum
2128 3005 2168 3051 ea

132 3109 240 3181 quam
272 3083 377 3153 uubis
409 3082 650 3172 promiserunt
681 3086 802 3158 literae
835 3092 1059 3183 quorundam
1087 3115 1127 3160 ex
1175 3083 1213 3152 in
1230 3106 1268 3154 re
1284 3096 1335 3152 est
1350 3096 1385 3153 et
1398 3082 1554 3172 privatae
1570 3093 1604 3150 et
1619 3079 1783 3172 publicae
1797 3082 2046 3153 incolumitati.
2087 3080 2166 3152 Ho-

133 3198 311 3257 conventu
336 3179 545 3272 Augustano
575 3187 742 3278 scriptae,
779 3193 965 3264 constitui:
1007 3192 1127 3283 potius
1174 3199 1273 3256 nesta
1289 3183 1412 3254 civitas
1421 3175 1672 3253 salveldense
1684 3177 1791 3252 hodie
1801 3185 1938 3275 legatos
1951 3179 2059 3255 habet
2071 3186 2167 3275 apud

133 3289 232 3359 nulla
263 3288 323 3355 liat
345 3286 494 3356 mutatio
521 3286 562 3354 in
584 3284 753 3359 Ecclesiis
778 3286 904 3361 harum
930 3294 1126 3382 regionum,
1173 3286 1444 3355 invictissimum
1463 3281 1732 3374 Imperatorem,
1757 3287 1982 3377 deprecantes
1997 3308 2062 3377 pro
2079 3285 2168 3354 civi-

131 3413 198 3459 nec
218 3388 397 3479 pellantur
417 3387 471 3478 pii
493 3399 529 3456 et
550 3389 646 3458 docti
667 3405 843 3480 pastores,
875 3416 941 3462 nee
962 3395 1127 3464 turbetur
1171 3401 1262 3471 tate,
1288 3400 1473 3477 propterea
1495 3386 1590 3477 quod
1615 3384 1836 3475 privatorum
1858 3389 2083 3480 quorundam
2104 3408 2166 3477 pe-

134 3489 309 3562 invocalio
325 3488 467 3579 piorum
481 3481 682 3567 hominum.
714 3489 789 3565 Nec
801 3506 919 3564 tamen
932 3495 1123 3565 certamina
1172 3488 1344 3560 tulantiae
1361 3485 1558 3577 Imperator
1571 3485 1746 3561 irascitur.
