4882 6426
11 400 14 407 .
82 350 158 441 777³
649 370 1082 450 nrrsrouanuu

83 526 243 608 Clariss.
268 556 313 603 oc
331 527 494 610 Doctiss.
515 532 628 623 Viro,
665 533 723 612 D.
746 532 774 605 I
781 546 885 607 usto
918 533 1083 623 Ionae,

83 629 123 704 S.
138 628 176 702 T
175 629 272 706 hcol.
294 630 472 722 Ductori,
508 646 540 707 ct
563 634 738 711 Hallens.
764 635 925 709 Eccless.
945 633 1082 733 Super-

109 731 266 815 attcnd„
291 730 441 806 domino
457 745 489 807 at
505 736 625 808 amico
641 735 868 810 observando
881 747 914 808 ct
928 739 1057 814 carisa.

82 885 128 974 S.
156 902 249 973 Satis
265 927 305 970 ex
321 927 376 971 me
393 903 469 995 ipso
484 918 678 975 aestumare
692 926 846 994 possum,
872 901 1081 974 VirClaris-

84 1005 189 1087 sime,
222 1027 327 1095 qnam
344 1026 449 1091 grave
463 1019 498 1075 et
511 1007 700 1075 molestum
715 1005 782 1075 tibi
799 1030 838 1074 ac
852 1007 915 1076 toti
933 1020 1012 1076 tuae
1027 1007 1080 1073 fa·

82 1105 202 1173 miliae
217 1104 262 1172 sit
277 1103 370 1172 istud
388 1118 459 1174 tam
476 1106 686 1177 diuturnum
703 1106 859 1176 exilium.
891 1102 968 1195 Ego
984 1107 1078 1173 enim

84 1227 286 1297 quanquam
302 1228 376 1271 non
401 1205 542 1296 longius
565 1208 677 1276 absim
700 1232 718 1276 a
745 1207 929 1276 domicilio
955 1205 1079 1275 Musa·

84 1329 164 1375 rrrm
179 1316 213 1374 et
230 1305 432 1376 dulcissima
451 1309 695 1393 nostravateri
710 1305 1079 1397 sedeWittemberga,

84 1421 203 1476 tamen
216 1407 299 1499 qnia
314 1400 372 1474 hic
388 1407 458 1476 iam
480 1423 649 1505 tanquam
672 1409 712 1476 in
733 1410 926 1480 solitudine
948 1433 1078 1493 versor,

86 1522 120 1577 et
150 1532 169 1575 a
206 1508 354 1595 coniuge
386 1509 502 1578 cariss.
529 1525 564 1582 et
592 1509 809 1581 suavissimis
832 1511 954 1579 liberis
978 1510 1077 1594 meis,

84 1632 172 1701 quos
187 1606 473 1698 Witternbergae
495 1612 643 1705 reliqui,
669 1636 748 1681 cum
771 1604 887 1681 isthuc
910 1611 976 1681 sub
1001 1634 1077 1678 me-

82 1711 242 1778 dicorum
258 1733 340 1780 cura
355 1712 453 1798 gravi
472 1715 595 1782 morbo
619 1737 681 1805 per
703 1735 761 1781 sex
785 1713 997 1803 septimanas
1014 1714 1076 1780 de-

84 1812 303 1894 cumberem,
336 1812 479 1897 absum,
517 1815 642 1884 videor
672 1809 762 1881 mihi
790 1837 934 1904 prorsus
958 1808 1075 1882 adlmc

84 1913 175 1981 exul.
227 1910 327 2000 Quae
350 1927 467 1982 autem
492 1937 570 2005 spes
590 1917 652 2000 sit,
684 1917 780 2007 quod
800 1916 843 1984 ad
867 1911 936 1985 τὸν
958 1917 1075 1984 Maci-

84 2037 152 2106 ρον
169 2007 207 2103 *)
223 2013 348 2085 attinet
367 2016 411 2082 de
426 2016 542 2083 reditu
566 2029 647 2101 tuo,
672 2039 859 2104 cognosces
883 2039 924 2084 ex
947 2014 1074 2083 alienis

82 2115 207 2186 literis.
257 2111 433 2183 Hesterno
456 2117 513 2183 die
537 2118 604 2185 suit
624 2117 715 2206 apud
740 2141 797 2185 me
821 2116 955 2185 Ductor
973 2110 1074 2184 Mel-

30 2238 33 2245 ·
82 2208 346 2307 chiorlssing,
377 2213 438 2306 qni
463 2229 523 2284 tuo
547 2218 692 2285 nomine
715 2218 902 2300 narrabat,
933 2239 969 2284 se
989 2216 1075 2284 dili-

82 2330 204 2405 genter
224 2330 258 2385 et
280 2314 434 2405 graviter
455 2317 564 2405 egisse
583 2343 662 2387 cum
690 2318 834 2387 consule
852 2317 895 2390 D.
908 2310 1074 2401 Liberio,

81 2439 371 2488 commemorasse
389 2431 446 2486 tua
462 2440 541 2506 erga
555 2419 712 2508 ipsorum
736 2420 917 2487 ecclesiam
940 2419 1073 2486 benefi-

82 2521 152 2599 cia,
185 2533 218 2587 et
242 2518 416 2610 pericula,
448 2542 538 2610 quae
559 2515 664 2590 isthic
685 2520 894 2589 sustinueris
923 2532 1006 2603 eta,
1039 2531 1073 2588 et

79 2622 271 2704 studuisse,
297 2633 334 2689 ut
356 2619 470 2709 primo
488 2645 629 2714 quoque
646 2636 804 2711 tempore
823 2636 856 2691 te
880 2620 924 2689 ad
943 2621 1072 2709 guber-

81 2722 262 2791 nationem
292 2721 433 2789 ecclesia
464 2737 671 2794 revocarent
696 2723 901 2814 prinsquam
922 2717 1072 2813 Episco-

80 2847 148 2917 pus
168 2825 300 2892 rediret
320 2836 381 2890 ant
404 2823 548 2891 daretur
572 2824 719 2917 aliquis,
751 2837 785 2892 et
806 2845 927 2891 causas
951 2842 1072 2910 graves

80 2927 134 2997 tui
169 2922 358 2993 revocandi
392 2945 428 2989 se
461 2923 674 3008 ostendisse,
715 2924 845 3016 quibus
877 2922 1073 2991 affirmabat

80 3029 260 3098 consulem
287 3025 336 3093 ita
365 3036 598 3108 commotum,
628 3038 669 3094 ut
691 3024 920 3116 polliceretur
941 3045 978 3092 se
1001 3022 1071 3090 iam

77 3130 170 3198 serio
188 3132 232 3197 de
248 3140 282 3196 te
299 3126 497 3195 revocando
512 3138 673 3194 acturum
691 3150 768 3195 cum
779 3123 925 3197 Senatu.
952 3121 1072 3211 Quor·

80 3254 157 3300 sum
175 3229 269 3298 enim
290 3225 416 3295 attinet
430 3225 622 3316 supplicem
642 3226 716 3295 fieri
738 3227 800 3309 iis,
827 3225 958 3319 quibus
971 3225 1072 3292 nulla

77 3327 184 3402 isthic
195 3327 392 3400 iurisdictio
406 3327 483 3397 est?
534 3324 630 3397 llaec
645 3327 729 3397 dccxi
747 3327 814 3396 tihi
831 3325 1072 3417 significanda,

79 3457 119 3503 ae
134 3455 261 3523 precor
276 3443 457 3499 aeternum
475 3443 631 3521 patrem,
659 3428 797 3498 domini
820 3427 934 3496 nostri
951 3425 976 3495 l.
994 3422 1072 3508 Ch,

78 3547 122 3603 nt
149 3535 193 3599 de
222 3527 507 3621 quamprimum
532 3530 669 3596 salvum
694 3541 729 3596 et
751 3528 966 3595 incolumem
993 3549 1072 3592 enm

78 3631 247 3703 omnibus
272 3626 342 3695 tuis
362 3624 557 3702 videamus.
606 3624 704 3696 Bene
725 3625 816 3698 vale.
867 3624 1072 3713 Mersburgi

81 3735 138 3806 10.
157 3728 312 3801 Ianuarii
332 3722 442 3801 1548.

72 3870 79 3881 ·
680 3823 725 3900 Τ.
744 3823 875 3918 Georg.
890 3824 1020 3899 Maior.

178 3979 255 4071 Ego
288 3979 324 4048 in
353 4001 482 4069 magno
506 4000 665 4046 moerore
690 3998 768 4045 sum
790 3989 936 4067 propter
959 3976 1072 4044 filium

129 4075 387 4154 Leontarmm
402 4103 539 4163 meum,
565 4078 628 4172 qui
650 4071 709 4146 hic
733 4103 774 4146 ex
797 4099 918 4146 morsu
940 4077 1072 4147 rabiosi

132 4185 228 4256 canis
244 4182 417 4252 extinctus
432 4193 502 4263 est.¹
544 4175 634 4250 Erat
657 4201 771 4248 annos
793 4191 897 4248 natus
921 4179 1072 4271 quinde-

133 4288 203 4357 cim
217 4298 253 4353 et
272 4293 416 4371 propter
433 4280 649 4369 praeclaram
670 4279 828 4348 indolem
849 4281 952 4348 valde
975 4305 1073 4348 ama-

131 4402 188 4459 tus
208 4408 225 4453 a
243 4382 288 4455 D.
309 4375 499 4476 Philippo.
549 4378 734 4449 Praeterea
755 4380 826 4449 iam
850 4383 1002 4450 meditor
1028 4383 1073 4449 de

131 4487 248 4559 reditu
265 4486 310 4554 ad
326 4478 482 4554 scholam
500 4479 867 4570 Wittenbergensem.

930 4882 987 4942 12.
1007 4871 1072 4936 lan.

931 4965 1060 4991 Μ

87 4876 155 4949 Νο.
170 4875 281 4948 4120.

81 4974 295 5009 Μ

270 5064 476 5178 Craoiger
504 5066 567 5149 ad
587 5064 888 5167 Academicos.

148 5237 254 5310 Scripta
269 5234 344 5308 publ.
358 5234 443 5289 Acad.
460 5235 537 5292 wir.
554 5237 588 5292 T.
602 5236 623 5294 l.
642 5255 668 5309 p.
684 5236 746 5292 201.

109 5505 140 5580 *l
160 5506 321 5565 Mamidum
339 5506 508 5562 Electorem.

1139 356 1346 461 mna-xi.
1400 371 1534 451 caes.
2060 361 2132 455 πο·

1134 531 1271 608 Rector
1283 532 1505 608 Academiae
1525 532 1668 610 Witeb.
1690 520 1934 640 Οτιέρανυὲ
1961 533 2106 616 Cruci
2112 576 2131 599 ο

1485 661 1584 734 ger,
1619 635 1772 716 Doctor.

1133 757 1241 852 Duas
1262 778 1527 853 honestissimas
1550 798 1745 871 matronas,
1777 787 1924 877 pietate,
1956 787 2127 878 pudicitia

1133 897 1166 952 et
1183 885 1326 954 caeteris
1342 885 1532 955 virtutihus
1550 887 1732 971 omnibus,
1753 888 1895 979 quaein
1910 890 2125 958 matrefami-

1132 984 1196 1052 lias
1211 987 1463 1079 requiruntur,
1488 986 1695 1055 excellentes
1708 1011 1829 1056 recens
1844 989 1961 1058 amisit
1975 983 2041 1059 hoc
2059 1015 2123 1081 op-

1132 1086 1274 1175 pidum,
1304 1111 1419 1178 nuper
1443 1080 1725 1156 honestissimam
1748 1088 1932 1176 coniugem
1960 1090 2027 1158 viri
2050 1091 2124 1159 cla-

1130 1186 1276 1270 rissimi,
1303 1184 1466 1259 Doctoris
1482 1182 1675 1257 Benedicti
1687 1182 1813 1274 Pauli,
1840 1186 1904 1258 hac
1919 1205 2021 1260 nocte
2036 1215 2119 1260 vero

1129 1282 1412 1358 honestissimam
1428 1291 1612 1377 coniugem
1637 1289 1707 1357 viri
1721 1285 1858 1360 honesti
1876 1291 2014 1360 domiui
2028 1284 2119 1358 Am-

1129 1384 1246 1456 brosii
1267 1383 1415 1473 Rcitcr,
1449 1390 1603 1459 consulis
1626 1385 1731 1458 huius
1753 1390 1893 1481 oppidi,
1928 1387 2120 1485 Walpar-

1126 1512 1235 1581 gam,
1261 1504 1379 1560 natam
1396 1490 1434 1558 in
1449 1490 1584 1559 sarcilia
1599 1483 1864 1576 Reinelcorum,
1888 1492 1988 1561 errius
2007 1493 2119 1560 virtus

1128 1605 1162 1659 et
1185 1593 1356 1662 autoritas
1379 1591 1417 1659 in
1440 1591 1606 1660 comitatu
1623 1591 1879 1661 Mansleldensi
1901 1594 2004 1661 valde
2027 1592 2119 1660 cele·

1127 1691 1261 1761 bratnr.
1330 1691 1447 1762 Mater
1475 1691 1549 1760 eius
1580 1715 1681 1760 soror
1714 1693 1781 1762 suit
1813 1694 1881 1761 viri
1914 1693 2116 1761 excellentis

1126 1793 1287 1860 omnium
1302 1793 1473 1862 virtutum
1490 1794 1612 1876 lande,
1638 1786 1826 1860 Iohannis
1842 1786 1991 1863 Rcinek.
2033 1790 2118 1862 Fuit

1126 1893 1234 1983 igitur
1256 1889 1341 1962 haec
1358 1895 1434 1984 ipsa
1451 1894 1580 1961 mulier
1596 1917 1695 1975 vere,
1722 1895 1819 1986 quod
1837 1892 1966 1963 Graeci
1981 1894 2117 1977 dicunt,

1125 1996 1279 2086 ταμεῖον
1294 1991 1425 2086 ἀρετῆς
1449 1988 1526 2064 ἐστὶ
1547 1988 1702 2089 γενναία
1724 1986 1833 2090 γυνή.
1882 1991 1973 2063 Cum
1999 2006 2116 2064 autem

1126 2109 1160 2163 et
1182 2096 1398 2165 sanctissime
1421 2094 1563 2175 vixerit,
1588 2107 1622 2163 et
1647 2093 1686 2161 in
1707 2094 1930 2163 invocatione
1952 2095 2015 2162 filii
2038 2094 2116 2175 Dei,

1126 2196 1265 2265 domini
1287 2196 1400 2264 nostri
1426 2193 1502 2264 lesu
1521 2188 1675 2278 Christi,
1705 2195 1906 2276 decesserit,
1937 2195 2013 2285 ipsa
2035 2195 2115 2287 qui-

1126 2299 1206 2365 dem
1228 2297 1296 2363 iam
1319 2311 1354 2366 et
1375 2295 1442 2365 Dei
1467 2310 1498 2363 et
1520 2296 1655 2362 domini
1679 2297 1790 2364 nostri
1806 2294 1884 2363 lesu
1900 2290 2055 2378 Christi,
2081 2307 2116 2364 et

1125 2397 1246 2464 matris
1267 2394 1387 2465 Hevae
1412 2410 1447 2465 et
1467 2395 1604 2463 Mariae
1628 2409 1663 2465 et
1686 2418 1831 2465 suornm
1861 2396 2117 2465 consuetudine

1123 2498 1266 2570 fruitur.
1316 2494 1364 2566 Et
1379 2497 1528 2565 abducta
1543 2498 1701 2579 videtur,
1726 2520 1770 2563 ue
1786 2497 1832 2566 sit
1845 2497 2032 2586 spectatrix
2048 2496 2117 2564 im-

1124 2596 1368 2690 pendentium
1389 2597 1639 2665 confusionum
1670 2598 1767 2665 orhis
1800 2609 1992 2682 terrarum,
2027 2598 2118 2666 sicut

1125 2699 1293 2789 scriptum
1319 2712 1386 2769 est:
1421 2697 1503 2766 iusti
1526 2697 1760 2786 colliguntur,
1793 2722 1838 2765 ne
1864 2699 2008 2768 videant
2029 2721 2116 2766 ven·

1124 2815 1201 2871 tura
1219 2802 1321 2872 mala.
1371 2796 1440 2867 Sed
1456 2821 1521 2866 nos
1536 2799 1652 2867 sutura
1670 2798 1823 2886 pericula
1847 2799 2058 2887 cogitemus,
2082 2810 2117 2866 et

1124 2902 1222 2970 luctu
1239 2898 1356 2970 mariti
1373 2913 1406 2968 et
1423 2900 1615 2967 multorum
1635 2899 1845 2982 liberorum,
1871 2900 1932 2991 qui
1954 2900 2016 2969 tali
2039 2922 2117 2980 roa·

1124 3016 1177 3072 tre
1196 3002 1313 3071 orbati
1333 3015 1433 3082 sunt,
1458 3000 1679 3082 adficimur,
1705 3014 1740 3069 et
1754 2999 1868 3069 Deum
1891 3023 2049 3078 oremus,
2076 3012 2116 3067 ut

1124 3126 1183 3172 eos
1200 3126 1261 3172 sua
1284 3102 1526 3171 consolatione
1549 3113 1720 3169 sustentet
1739 3124 1779 3169 ac
1803 3101 1925 3190 erigat.
1976 3097 2035 3169 Ad
2057 3101 2116 3167 su-

1125 3230 1193 3274 nus
1207 3216 1334 3286 antem,
1360 3203 1456 3294 quod
1473 3196 1633 3293 fiechora
1647 3199 1760 3285 tertia,
1787 3201 1977 3270 convenire
1992 3222 2115 3270 omnes

1123 3306 1234 3399 pietas
1249 3300 1430 3386 hortatur,
1455 3315 1495 3371 ut
1508 3301 1745 3394 qualicunque
1760 3301 1875 3370 officio
1890 3303 2024 3369 luctum
2040 3322 2117 3367 ma-

1123 3406 1185 3476 riti
1200 3420 1233 3475 et
1249 3405 1444 3484 liberorum
1465 3404 1643 3485 levemus,
1670 3415 1704 3471 et
1719 3415 1761 3472 ut
1779 3403 2025 3480 ostendamus,
2049 3421 2115 3470 nos

1123 3507 1290 3575 virtutem
1305 3517 1486 3572 matronae
1498 3501 1617 3590 magni
1631 3501 1770 3586 fecisse,
1785 3516 1819 3572 et
1833 3503 1948 3574 Deum
1963 3523 2117 3584 oremus,

1123 3619 1162 3674 ut
1178 3599 1262 3673 huic
1279 3603 1409 3692 oppido
1429 3617 1464 3672 et
1484 3603 1587 3670 nobis
1611 3602 1778 3670 omnihus
1800 3627 1918 3695 pacem
1944 3601 2116 3685 restituat,

1124 3731 1189 3775 nec
1210 3705 1376 3797 accengat
1404 3715 1513 3772 totam
1537 3702 1628 3770 iram
1650 3725 1769 3786 snam,
1802 3727 1866 3773 nec
1887 3702 1997 3772 deleri
2022 3702 2115 3771 sinat

1124 3806 1290 3898 reliquias
1306 3803 1545 3873 invocantium
1568 3827 1649 3872 eum
1671 3803 1710 3871 in
1727 3797 1794 3873 hoc
1810 3805 1954 3897 oppido.
2005 3799 2114 3871 Aurio

1127 3908 1237 3984 1548.
1252 3906 1310 3976 die
1329 3906 1384 3974 12.
1400 3903 1565 3978 Ianuarii.

1143 4319 1209 4390 No.
1235 4319 1347 4392 4121.

1127 4417 1353 4448 m

1472 4512 1533 4595 M.
1560 4509 1765 4598 Crodclio.

1194 4683 1279 4758 Epist.
1291 4683 1339 4739 lib.
1355 4683 1387 4738 V.
1403 4702 1432 4756 p.
1447 4685 1498 4740 884
1510 4705 1551 4758 sq.

1174 4818 1341 4893 Marco
1366 4811 1590 4892 Crodclio
1625 4818 1867 4914 (gubernanti
1885 4813 2061 4891 Scholam

1457 4917 1497 4992 Τ
1495 4919 1771 5017 orgavicnscm).

1123 5049 1167 5141 S.
1193 5068 1239 5140 D.
1288 5067 1367 5140 Etsi
1382 5071 1531 5139 maxima
1548 5095 1629 5162 pars
1655 5065 1840 5139 hominum
1863 5065 2059 5137 contemnit
2079 5077 2115 5135 et

1123 5172 1321 5242 doctrinam
1336 5170 1420 5254 Dei,
1446 5186 1584 5257 etuas,
1610 5171 1673 5265 qui
1698 5194 1776 5240 eam
1801 5166 1970 5237 mediocri
1993 5166 2111 5236 studio

1122 5295 1373 5366 propagamus,
1400 5285 1530 5371 ‚tamen
1553 5297 1618 5342 nos
1643 5273 1710 5361 ipsi
1736 5288 1769 5343 et
1794 5270 1992 5338 doctrinam
2014 5289 2113 5336 ame-

1122 5398 1218 5459 mus,
1244 5388 1277 5445 et
1293 5374 1403 5442 simus
1420 5376 1581 5445 custodes
1606 5373 1745 5457 fideles,
1771 5384 1806 5442 et
1830 5370 2113 5441 defensionema

1119 5475 1196 5549 Deo
1213 5488 1444 5568 expectemus.
1495 5474 1587 5547 Vere
1605 5474 1801 5561 cernimus,
1825 5471 1896 5544 iam
1918 5470 2019 5544 nulla
2045 5492 2112 5542 nos
