4882 6436
193 332 273 412 226
312 338 317 347 ’
782 320 1228 401 EPISTOLARUM·
1274 320 1383 401 LIB.
1415 321 1462 399 Χ.
1514 321 1648 399 1546.
2150 339 2226 413 226

174 527 294 574 .meas
309 527 349 572 ex
365 504 529 575 manibus
544 486 632 575 meis
647 525 781 596 rapere.
831 498 907 570 Hac
922 522 1005 568 vera
1019 520 1085 568 nos
1100 520 1186 567 con·
1238 508 1338 566 tuum
1360 495 1542 567 excitanda
1561 513 1622 570 est.
1677 499 1836 587 Deinde,
1866 529 1946 577 cum
1968 507 2130 588 homines
2151 535 2225 583 nou

198 605 373 683 solatione
392 607 641 677 confirmemus
664 618 697 673 et
713 617 891 696 petamus,
918 615 951 673 et
967 611 1186 692 expectemus
1237 610 1374 669 tantum
1402 599 1562 671 doctrina
1591 615 1775 689 regantur,
1814 607 1875 676 sed
1904 633 2099 701 poenarum
2119 639 2222 694 metu

195 705 452 799 protectionem
472 710 517 776 ab
539 707 617 796 ipso
638 704 750 775 Ftnlo
763 702 858 792 Dal,
889 716 923 773 et
942 716 1122 794 petamus,
1146 714 1188 771 ut
1238 694 1448 769 cohercendi
1478 701 1567 786 sint,
1607 702 1773 795 imposuit
1795 709 1895 780 Deus
1921 719 2039 802 generi
2066 715 2221 798 humano

195 809 307 877 leniat
320 830 462 898 poenas.
514 801 662 890 Adhuc,
687 805 757 875 Dei
772 804 962 889 beneficio,
986 803 1103 873 studia
1119 802 1187 872 do-

197 908 392 979 ctrinarum
416 903 474 975 hic
494 906 687 976 mediocria
710 918 802 978 sunt.
859 898 1067 974 Laurentio
1090 927 1187 972 com-

195 1011 362 1079 mendavi
380 1001 547 1093 Lucam,
579 1008 814 1077 erudiendum
835 1008 873 1077 in
893 1007 1034 1096 linguae
1057 1005 1186 1074 latinae

197 1110 389 1192 exercitiis,
429 1123 463 1179 et
496 1106 802 1193 institutionibus,
844 1123 880 1179 et
912 1109 951 1175 in
984 1105 1183 1176 Dialectica.

198 1208 288 1281 Vult
309 1226 343 1280 et
358 1212 451 1280 filius
468 1203 648 1280 Michael
664 1210 785 1279 audire
802 1208 1065 1291 institutiones,
1089 1207 1185 1300 quod

1237 803 1470 892 magistratus,
1488 817 1527 873 ut
1541 795 1647 874 huius
1662 829 1745 877 suae
1758 808 1844 900 legis
1860 813 2047 888 violatores
2063 827 2223 914 puniant.

1237 898 1315 973 Etsi
1331 903 1426 973 enirn
1442 917 1476 974 et
1493 902 1589 973 Deus
1606 905 1679 997 ipse
1695 909 1823 980 vindex
1840 927 1891 985 est
1906 933 2100 994 contemtae
2116 923 2221 1000 huius

1238 1026 1393 1089 normae,
1416 1018 1532 1074 tamen
1548 1006 1706 1077 adiunxit
1721 1011 1789 1078 sibi
1804 1016 2035 1106 magistratus,
2058 1048 2120 1114 per
2133 1054 2222 1123 quos

1238 1106 1362 1198 exequi
1379 1128 1508 1195 poenas
1522 1106 1728 1201 plerumque
1744 1112 1867 1184 voluit.
1908 1117 2016 1192 Ponit
2030 1125 2129 1197 Deus
2143 1129 2222 1200 An·
2259 1172 2263 1181 ·

1237 1207 1333 1273 tonii
1353 1206 1520 1276 libidines
1544 1221 1577 1277 et
1599 1211 1847 1300 ambitionem,
1872 1221 1931 1286 sed
1947 1226 2050 1311 punit
2065 1253 2127 1319 per
2142 1231 2220 1302 Au·
2257 1274 2261 1279 ·

196 1306 288 1379 mihi
310 1335 383 1380 non
401 1312 574 1403 displicet.
624 1311 693 1380 Sed
712 1312 872 1379 nondum
890 1309 1051 1379 exercitia
1068 1303 1186 1398 philo·
1235 1314 1396 1398 gustum.
1451 1305 1524 1378 Nee
1553 1310 1742 1380 obscurum
1768 1330 1834 1396 est,
1866 1318 1976 1408 legem
2000 1326 2076 1398 sine
2097 1337 2221 1423 poenis

197 1407 342 1502 sophica
365 1413 515 1486 omittat.
572 1411 612 1483 si
635 1413 701 1480 erit
725 1410 877 1494 bellum,
909 1412 980 1480 nisi
1000 1430 1185 1501 oppressus

196 1513 299 1582 fuero
323 1513 410 1583 helii
430 1515 593 1599 saevitia,
628 1513 741 1600 cogito
765 1511 938 1602 proticisci
961 1512 999 1579 in
1021 1510 1186 1580 Patriam.

195 1609 246 1682 Et
259 1614 449 1684 clementer
463 1616 509 1684 ad
526 1640 584 1686 me
598 1613 736 1705 scripsit
750 1635 856 1680 senex
870 1611 1062 1683 Palatinus.
1107 1606 1185 1679 Oro

197 1709 331 1783 Pilium
345 1715 436 1795 Dei,
461 1728 502 1785 ut
517 1741 585 1785 vox
601 1730 634 1784 et
650 1727 785 1783 vestros
800 1726 981 1804 protegat,
1007 1726 1041 1782 et
1057 1713 1185 1781 confir-

198 1828 270 1884 met
294 1817 397 1886 vobis
420 1816 532 1885 animi
553 1831 588 1889 et
606 1815 765 1906 corporis
786 1814 889 1884 vires.
945 1812 1042 1883 Bene
1064 1814 1185 1882 valete.

197 1910 267 1985 Die
281 1915 341 1985 81.
357 1913 518 2006 Augusti.

938 2010 1136 2106 Philippus.

1237 1409 1379 1476 inanem
1410 1409 1566 1478 sonitum
1594 1411 1716 1480 videri.
1775 1414 1894 1503 Quare
1917 1436 1952 1491 et
1973 1427 2106 1499 dictum
2130 1435 2220 1507 illud

1237 1504 1424 1578 Aeschinis
1450 1511 1536 1579 adeo
1558 1511 1744 1600 probatum
1760 1530 1827 1601 est,
1862 1534 1900 1590 nt
1914 1520 2168 1604 Demosthenes
2182 1538 2222 1607 in

1237 1631 1335 1678 suam
1348 1611 1525 1701 quandam
1537 1611 1731 1682 orationem
1744 1621 1978 1694 transtulerit:
2003 1625 2113 1704 οὐδὲν
2122 1633 2222 1711 ἐστὶν

1237 1707 1368 1803 ὄφελος
1387 1703 1524 1792 πόλεως
1536 1707 1614 1804 ἥτις
1627 1709 1680 1805 μὴ
1696 1720 1811 1810 νεῦρα
1827 1717 1885 1790 ἐπὶ
1895 1722 1984 1807 τούς
1998 1725 2222 1821 ἀδικοῦντας
2292 1733 2294 1737 ’

1237 1807 1329 1902 ἔχει,
1355 1806 1450 1879 nihil
1467 1812 1584 1880 valere
1601 1814 1793 1887 civitatem:
1819 1846 1908 1914 quae
1925 1840 2053 1901 nervos
2069 1859 2142 1904 non
2159 1834 2223 1910 ha-

1237 1911 1297 1981 bet
1316 1913 1483 1982 adversus
1499 1913 1726 1991 facinorosos.
1778 1919 1898 2008 Quare
1914 1941 1954 1998 ut
1966 1946 2082 2003 sontes
2097 1941 2223 2012 ordine

1237 2012 1277 2079 in
1289 2012 1420 2082 iudicia
1433 2014 1552 2083 vocari
1567 2031 1719 2106 possent,
1738 2022 1928 2095 criminum
1942 2035 2089 2107 nomina
2103 2041 2224 2113 distri·

1238 2114 1324 2182 buta
1344 2127 1446 2198 sunt,
1480 2127 1514 2184 et
1535 2121 1816 2192 accommodatae
1839 2132 2100 2206 accusationum
2117 2156 2224 2237 atque

1161 2217 1173 2246 “·
1238 2213 1418 2303 actionum
1438 2214 1582 2288 formae.
1634 2217 1745 2288 Nervi
1762 2238 1845 2294 sunt
1866 2227 1974 2317 igitur
1994 2250 2029 2305 et
2048 2238 2166 2329 legum
2189 2261 2224 2316 et

197 2397 267 2472 No.
283 2397 395 2472 3549.

1038 2415 1067 2473 1.
1083 2402 1186 2484 Septh.

199 2497 408 2533 Μ
1018 2493 1186 2518 som

515 2579 662 2662 leuch.
684 2578 838 2662 Mulier
862 2643 872 2665 .

268 2732 406 2790 Praelatio
419 2735 446 2790 in
459 2734 572 2790 lihrnm:
591 2735 707 2791 Collatio
718 2734 855 2790 actionum
868 2733 1019 2787 forensium
1036 2733 1186 2788 Atticarum

198 2861 201 2865 ,
305 2813 332 2855 et
351 2803 535 2859 Romanarum
573 2804 642 2857 raeci
664 2823 758 2855 uarruu
804 2815 897 2856 autore
914 2801 983 2857 Phil.
1000 2803 1187 2856 Melantbooe.

302 2869 464 2951 witeberg.
479 2824 715 2926 anoohtnxivt.
731 2874 757 2923 8.
769 2843 793 2922 ’1
809 2871 876 2941 plag.
906 2871 1083 2949 Adiecisset:
1102 2871 1186 2924 Solo-

303 2957 346 2992 ms
364 2942 464 3013 elegia,
487 2942 565 2995 citata
583 2939 792 2995 eDemosthene
807 2942 839 2991 de
854 2941 956 3003 causis,
980 2957 1048 3009 qnae
1061 2937 1186 2993 adserunt

303 3008 413 3062 exitium
428 3010 518 3080 regnis
534 3020 560 3062 et
575 3009 677 3080 magnis
691 3007 850 3074 civitatibus,
868 3025 996 3061 conversa
1010 3026 1024 3059 a
1039 3006 1106 3062 Phil.
1120 3008 1186 3064 Mel.

229 3123 234 3128 .
304 3074 545 3143 tumemus,
569 3080 616 3146 qui
638 3077 829 3146 praefationem
849 3095 877 3127 er
896 3075 948 3128 hoc
969 3075 1054 3136 libro,
1078 3077 1123 3145 qui
1145 3088 1186 3128 est

302 3145 411 3214 Lipsiae
429 3148 455 3199 in
475 3146 639 3200 Bibliotheca
658 3145 787 3206 Senatus,
814 3143 974 3210 descripsit]
999 3176 1033 3187 -
1073 3145 1185 3198 Contuli

301 3212 433 3267 seriorem
449 3215 613 3283 editionem,
630 3233 697 3285 qnae
710 3212 810 3283 prodiit
825 3211 947 3265 Witteh.
964 3213 1040 3266 ¹⁵51.
1059 3213 1083 3265 8.

186 3370 495 3445 Eruditione'et
535 3373 663 3443 virtute
699 3371 909 3467 praestanti
946 3344 1186 3443 Inachimo

200 3471 255 3545 M
263 3473 397 3560 oller,
423 3473 717 3569 Homborgensi‚
741 3472 961 3559 amicosuo,
986 3469 1187 3573 Philippus

403 3676 406 3679 Ι
518 3571 745 3683 Mlanthon
758 3571 800 3649 S.
814 3572 868 3646 D.

198 3706 289 3798 Una
322 3741 373 3796 est
406 3728 460 3794 lex
489 3724 673 3817 praecipua
706 3725 832 3794 rectrix
863 3725 955 3794 vitae
990 3719 1188 3810 hominum,

200 3852 291 3923 quae
321 3841 372 3897 est
405 3840 546 3896 aeterna
578 3827 749 3917 sapientia
778 3826 817 3895 in
850 3838 966 3895 mente
996 3827 1118 3914 divina
1153 3841 1187 3896 et

200 3931 346 4000 immota
375 3929 531 3998 iusticiae
562 3928 701 4016 regula,
738 3952 845 4019 quam
874 3939 908 3996 et
936 3928 974 3996 in
999 3922 1185 3999 hominum

199 4045 336 4101 mentes
355 4031 454 4099 Deus
474 4029 697 4112 transfodit,
714 4041 748 4096 et
771 4030 884 4098 lucem
904 4052 976 4098 esse
992 4029 1105 4098 voluit
1119 4056 1186 4099 no·

198 4114 336 4205 hiscu'm
352 4146 570 4215 nascentem,
595 4144 630 4200 et
643 4143 762 4221 postea
778 4132 821 4198 de
839 4153 927 4220 rupe
939 4128 1085 4201 Sinaide
1102 4131 1187 4201 illu-

198 4234 265 4305 stri
280 4233 480 4304 testimonio
497 4231 744 4319 promulgavit,
767 4245 806 4299 ut
822 4231 989 4301 sciremus
1004 4255 1079 4301 eam
1094 4233 1186 4302 vitae

198 4357 362 4405 normam
376 4357 456 4402 vere
471 4332 630 4398 divinam
646 4353 729 4400 esse.
772 4329 849 4399 Hac
862 4332 936 4419 lege
949 4357 1028 4400 cnm
1043 4334 1117 4422 regi
1133 4334 1187 4400 vi*

163 4422 166 4429 ¹
198 4452 273 4508 tam
297 4435 398 4504 Deus
427 4433 530 4514 velit,
571 4454 659 4522 quae
683 4442 810 4499 natura
839 4432 932 4500 lucet
959 4431 998 4498 in
1026 4433 1185 4503 omnium

198 4536 398 4614 mentibus,
435 4532 557 4625 quaeri
584 4532 673 4601 solet
699 4533 742 4600 de
768 4531 1034 4622 magistratuum
1059 4534 1185 4603 officio.

197 4635 292 4709 cum
322 4635 417 4706 enim
447 4635 501 4702 lex
531 4647 633 4703 antea
654 4632 826 4703 divinitus
848 4634 918 4702 lata
941 4634 1005 4716 sit,
1040 4647 1074 4703 et
1094 4635 1185 4704 serre

197 4739 287 4809 alias
313 4735 557 4807 dissentientes
582 4735 740 4804 omnium
764 4736 933 4804 scelerum
955 4759 1131 4804 summum
1153 4750 1187 4806 et

198 4837 458 4911 atrocissimum
474 4834 527 4918 sit,
544 4850 579 4906 ct
592 4831 676 4905 haec
691 4836 765 4925 ipsa
779 4837 898 4905 divina
913 4850 997 4907 nota
1011 4836 1056 4904 sit
1070 4838 1187 4905 omni-

122 4968 126 4985 *
196 4943 279 5025 bus,
300 4940 387 5032 quid
403 4951 512 5027 agunt
526 4937 564 5004 in
580 4960 665 5029 pace
679 4930 856 5006 humanae
870 4937 1043 5008 societatis
1059 4938 1187 5026 guber-

1238 2315 1345 2384 totius
1375 2309 1551 2386 humanae
1582 2319 1756 2392 societatis
1790 2324 1886 2416 ipsae
1920 2339 2156 2412 accusationes
2189 2362 2224 2419 et

1240 2416 1404 2486 actiones.
1456 2413 1563 2505 Quod
1577 2444 1657 2488 cum
1673 2421 1721 2492 ita
1738 2424 1793 2509 sit,
1818 2451 1890 2497 non
1907 2434 2020 2504 solum
2035 2432 2103 2511 hoc
2117 2444 2224 2518 iutel-

1240 2516 1302 2606 ligi
1319 2530 1453 2608 potest,
1482 2541 1645 2609 magnam
1664 2546 1737 2593 esse
1752 2526 1825 2594 vim
1843 2543 1878 2600 ct
1891 2533 2097 2623 dignitatern
2114 2549 2224 2619 actio-

1239 2642 1345 2703 num,
1370 2620 1429 2686 sed
1450 2620 1554 2688 etiam
1570 2623 1797 2714 perspicitur,
1824 2647 1967 2724 propter
1979 2641 2132 2714 actiones
2147 2673 2223 2720 ma-

1237 2718 1331 2787 xime
1361 2718 1544 2809 impositos
1571 2745 1644 2815 esse
1672 2729 1792 2813 generi
1814 2725 1970 2806 humano
1994 2745 2226 2837 magistratus,

1238 2820 1312 2912 qui,
1337 2844 1417 2889 cum
1431 2834 1602 2893 vocantur
1615 2825 1731 2914 legum
1746 2834 1916 2920 custodes,
1943 2863 2017 2910 non
2030 2867 2071 2913 eo
2087 2859 2224 2923 tantum

1239 2921 1288 2989 sic
1309 2921 1551 3013 appellantur,
1580 2928 1677 3018 quod
1697 2930 1912 3020 doctrinam,
1943 2956 2075 3034 septam
2092 2949 2226 3027 biblio-

1238 3015 1348 3091 thecis
1368 3024 1585 3105 custodiant‚
1612 3027 1672 3096 sed
1693 3034 1789 3123 quod
1807 3049 1926 3124 postea
1941 3046 2123 3122 severitate
2140 3077 2225 3143 poe.

1238 3145 1365 3192 narum
1394 3123 1525 3223 civium
1555 3127 1691 3198 animos
1719 3134 1763 3200 ad
1789 3136 1931 3208 virtutis
1953 3145 2067 3216 officia
2090 3171 2224 3241 cogant.

1238 3220 1291 3293 Ac
1312 3225 1356 3294 de
1377 3223 1461 3314 ipsis
1476 3226 1674 3299 actionibus
1691 3247 1807 3323 postea
1825 3237 1926 3326 plura
1944 3245 2069 3318 dicam.
2120 3252 2224 3328 Prius

1238 3324 1333 3393 enim
1361 3339 1395 3395 et
1416 3326 1558 3397 tertium
1582 3352 1712 3401 munus
1734 3339 2001 3426 magistratuum
2022 3353 2223 3428 addendum

1239 3439 1299 3499 est.
1347 3423 1426 3496 Etsi
1449 3451 1586 3498 necesse
1610 3446 1660 3502 est
1679 3433 1795 3523 legum
1814 3443 1973 3514 omnium
1989 3449 2026 3517 in
2042 3458 2140 3523 omni
2158 3431 2224 3546 gu-

1239 3527 1447 3597 bernatione
1469 3531 1601 3619 primas
1623 3556 1695 3602 esse
1710 3558 1786 3617 eas,
1812 3565 1900 3632 quae
1917 3546 1956 3614 in
1971 3550 2136 3642 decalogo
2150 3572 2224 3629 tra-

1240 3632 1393 3713 duntur,
1436 3631 1555 3699 dextre
1576 3632 1786 3706 intellectas:
1822 3656 1939 3714 tamen
1962 3654 2223 3741 magistratibus

1239 3732 1337 3800 dedit
1355 3730 1519 3798 mandata
1538 3732 1655 3817 Deus,
1687 3751 1726 3807 nt
1742 3737 1809 3828 ipsi
1826 3742 1917 3831 leges
1930 3748 2064 3844 aliquas
2079 3760 2223 3843 addant,

1238 3834 1298 3904 scd
1322 3845 1553 3920 congruentes
1577 3858 1657 3904 cum
1676 3838 1860 3930 decalogo,
1887 3872 1976 3938 quae
1999 3855 2135 3948 aliquas
2153 3862 2223 3930 cir-

1239 3933 1464 4003 cumstantias
1478 3946 1539 4002 aut
1552 3937 1682 4025 species
1697 3941 1880 4030 explicent.
1919 3948 1991 4019 Lex
2006 3957 2126 4030 divina
2142 3983 2224 4032 san·

1238 4035 1286 4105 cit
1301 4034 1339 4102 in
1355 4055 1479 4121 genere
1497 4035 1760 4108 distinctionem
1777 4045 2037 4142 dominiorum,
2063 4084 2142 4131 cnm
2158 4065 2222 4135 ait:

1238 4135 1320 4205 Non
1333 4135 1515 4204 furaberis.
1567 4136 1636 4207 Hic
1650 4140 1828 4229 legislator
1842 4153 1965 4222 modos
1981 4160 2118 4246 recitat,
2143 4167 2224 4256 qui-

1239 4238 1305 4306 bus
1328 4259 1384 4304 res
1406 4235 1446 4304 fit
1467 4237 1743 4334 uniuscuiusque
1766 4251 1925 4338 propria,
1965 4264 2118 4333 ostendit
2138 4290 2223 4335 con·

1238 4350 1414 4407 tractuum
1446 4336 1594 4422 formas,
1633 4354 1667 4411 et
1698 4350 1840 4434 quando
1868 4353 2138 4433 existimandum
2165 4369 2221 4449 sit,

1238 4437 1428 4528 perfectum
1449 4460 1522 4505 esse
1544 4453 1779 4531 contractum,
1804 4455 1945 4540 quando
1970 4459 2222 4552 imperfectum.

1239 4538 1281 4609 ln
1305 4537 1435 4631 quibus
1451 4538 1742 4629 explicationibus
1758 4550 1849 4619 valet
1864 4558 2127 4643 magistratuum
2144 4592 2223 4640 sen-

1237 4640 1347 4710 tentia
1370 4651 1403 4707 ct
1424 4651 1568 4730 propter
1587 4643 1759 4714 rationem
1787 4654 2023 4747 probabilem,
2056 4666 2221 4760 decalogo

1238 4753 1501 4829 congruentem,
1522 4755 1556 4809 et
1572 4759 1715 4834 propter
1727 4752 1979 4845 auctoritatem,
2003 4789 2108 4856 quam
2122 4771 2222 4843 Deus

1238 4840 1456 4929 magistratui
1479 4844 1659 4929 attribuit,
1692 4872 1795 4941 quem
1819 4854 1918 4926 iussit
1941 4863 2069 4936 addere
2097 4869 2134 4938 in
2156 4866 2222 4944 hac

1238 4942 1334 5012 civili
1348 4941 1418 5009 vita
1433 4953 1510 5009 tum
1526 4944 1783 5035 explicationes,
1807 4965 1880 5022 turn
1897 4961 2111 5037 adminicula
2126 4972 2220 5041 divi.

198 5041 364 5113 naiores?
388 5037 439 5108 Hi
455 5062 538 5108 vero
554 5039 622 5108 tria
635 5061 782 5120 munera
797 5039 901 5128 plena
918 5039 1186 5129 dignitatissus-
1238 5066 1364 5112 narum
1387 5043 1515 5130 legum.
1565 5043 1659 5116 Sunt
1679 5065 1795 5120 autem
1815 5068 1848 5124 et
1872 5053 1997 5131 harum
2019 5069 2221 5157 explicatio-

197 5143 327 5214 tinent.
394 5137 556 5209 Primum
579 5135 685 5207 buius
707 5139 819 5231 ipsius
838 5141 973 5231 primae
996 5154 1031 5210 et
1050 5141 1185 5232 praeci·
1238 5169 1345 5227 num,
1373 5165 1460 5236 quas
1481 5145 1702 5233 magistratus
1720 5153 1834 5235 addit,
1866 5163 2037 5248 praesidia
2057 5170 2222 5246 actiones.

198 5267 292 5337 puae
304 5241 408 5333 legis,
432 5236 797 5329 videlicetDecalogi,
822 5265 943 5311 vocem
958 5264 1017 5310 eos
1034 5250 1184 5312 esse'ne-
1238 5245 1382 5316 Frustra
1405 5244 1500 5314 enim
1521 5245 1701 5334 legislator
1721 5256 1900 5345 aequalem
1921 5257 2125 5339 hereditatis
2145 5275 2220 5345 dis-

199 5367 292 5417 cesso
315 5357 379 5415 est.
436 5336 517 5410 Etsi
537 5339 634 5410 enim
658 5354 783 5411 natura
806 5343 898 5413 lucet
928 5343 967 5410 in
995 5343 1184 5428 mentibus,
1237 5345 1467 5416 tributionem
1480 5348 1598 5417 verbis
1613 5354 1874 5443 praescriberet,
1892 5362 1922 5430 si
1935 5381 2053 5455 postea
2071 5393 2144 5440 non
2159 5377 2221 5446 de-

199 5461 321 5519 tamen'
339 5444 401 5513 illa
421 5457 568 5514 naturae
588 5441 650 5511 lux
671 5443 830 5513 doctrina
851 5459 886 5515 et
902 5466 988 5513 voce
1003 5445 1185 5535 magistra·
1236 5448 1395 5518 tenderet
1436 5446 1649 5520 iudiciorum
1682 5457 1887 5537 auctoritate
1921 5488 1997 5537 eam
2029 5475 2220 5565 aequalita-

250 5547 545 5620 liestmonam
572 5544 728 5612 vorti.
1154 5620 1160 5631 g
1396 5542 1443 5616 16
