4882 6426
196 294 273 376 est

198 494 342 541 manum
363 473 497 562 poenas
511 464 740 542 horribilium
755 474 938 561 surorum,
963 497 1052 569 quas
1066 486 1108 546 ut
1120 469 1192 545 Ec-

198 574 324 643 clasiae
340 596 422 642 suae
436 585 478 645 et
485 573 682 663 posteritati
699 574 835 667 mitiget
849 573 963 665 Deus,
984 576 1191 649 ardentibus

198 676 291 746 votis
309 699 494 766 precemur
504 671 542 771 ¹).

295 774 353 846 De
369 778 414 847 iis
428 777 551 860 rebus,
575 801 666 871 quae
681 780 720 847 in
733 779 882 850 Bavaria
900 796 1088 870 geruntur,
1110 793 1188 870 post

198 893 332 949 vestras
347 880 466 949 literas
483 874 575 947 nihil
593 903 812 970 acceperam,
844 906 923 950 cum
947 878 1032 950 hacc
1056 882 1190 951 scribe-

197 1006 285 1051 rem.
336 979 488 1050 Perfidia
508 983 639 1049 ducum
653 979 918 1066 Hessiacorum,
944 1007 1012 1075 qua
1029 985 1072 1051 ad
1090 976 1191 1052 Rhe·

197 1107 288 1153 num
308 1082 473 1151 dimissus
495 1094 546 1149 est
569 1078 731 1171 Belgicus
754 1080 955 1167 Exercitus,
996 1083 1189 1174 perscripta

200 1197 271 1268 est,
311 1197 345 1252 et
364 1197 484 1252 metuo
505 1183 634 1251 similia
658 1185 825 1273 exempla.
882 1183 1121 1264 Proficiscitur,
1143 1184 1187 1250 ad

198 1280 273 1354 Vos
306 1284 481 1377 quispiam
506 1283 569 1374 qui
591 1306 687 1374 spem
719 1279 826 1354 habet
854 1285 1123 1375 impetraturum
1152 1306 1188 1351 se

199 1409 272 1454 esse
293 1408 422 1453 munus
438 1381 589 1452 Diaconi
602 1385 641 1451 in
657 1381 814 1454 Ecclesia
831 1398 957 1459 vestra.
1009 1386 1132 1455 Bonus
1154 1397 1189 1454 et

198 1489 377 1556 modestus
401 1480 508 1553 homo
531 1498 600 1568 est,
641 1509 749 1576 quare
775 1510 856 1555 eum
881 1489 948 1557 tibi
969 1489 1188 1559 commendo.

198 1585 337 1656 Nomen
358 1587 389 1654 ei
411 1598 462 1654 est
483 1581 601 1653 Elias
620 1580 834 1659 Hauscieilt.
894 1586 998 1658 Unde
1019 1590 1050 1658 ei
1072 1588 1189 1656 adful-

200 1689 284 1756 serit
300 1684 385 1756 haec
401 1709 497 1777 spes,
522 1687 660 1776 ignoro.
710 1685 807 1757 Bene
823 1687 912 1761 vale.
956 1690 1015 1761 16.
1027 1689 1189 1779 Septem-

199 1780 333 1884 bris2).

704 1885 894 1980 Philippus
912 1885 1137 1963 Melanthon.

200 2219 265 2292 No.
291 2218 401 2291 8561.

206 2317 417 2354 Μ

1029 2233 1086 2293 16.
1101 2223 1185 2306 Sept.

1017 2315 1188 2341 m

536 2398 588 2485 V.
616 2399 853 2483 Theodoro.

267 2568 345 2622 Edita
359 2589 373 2622 a
387 2571 520 2623 Senberto
533 2572 562 2623 in
576 2573 692 2641 append.
707 2560 769 2644 epp.
800 2573 847 2625 lib.
864 2572 910 2627 lV.
929 2591 956 2642 p.
974 2574 1014 2628 18.
1034 2603 1070 2613 -
1093 2572 1144 2629 llic
1156 2593 1186 2627 ex

298 2639 464 2708 autographo
479 2639 660 2693 Melanthonis
673 2642 701 2693 in
716 2641 812 2696 codice
826 2642 936 2694 Monac.
951 2640 973 2695 1.
993 2660 1021 2710 p.
1035 2641 1097 2696 657.

146 2799 149 2802 ’
198 2790 251 2871 D.
279 2789 326 2868 V
329 2793 396 2863 ito
420 2789 681 2883 Theodora,
713 2792 855 2864 docenti
869 2793 1120 2891 Evangeliam
1145 2797 1184 2866 in

365 2892 535 2966 Ecclesia
548 2895 628 2967 Dei
642 2897 682 2966 in
699 2895 785 2967 urbe
796 2893 1021 2992 Noriberga.

198 2989 302 3103 S·n.
334 3027 569 3105 crassam.
611 3012 890 3102 trituratus
909 3031 1033 3122 optimi
1051 3046 1084 3102 a
1100 3034 1184 3100 aar.

197 3145 249 3203 tre
267 3131 456 3201 iudicantis
474 3133 693 3216 sententiam,
718 3133 763 3200 de
778 3155 845 3201 usu
858 3127 987 3214 Ebeni,
1012 3156 1072 3201 seu
1082 3130 1182 3201 Gua-

199 3232 283 3316 iaci,
308 3236 403 3325 quod
427 3230 695 3302 certeEbenum
712 3255 803 3317 esse,
827 3233 1001 3316 arbitror3
1028 3258 1067 3301 ac
1082 3258 1183 3323 pror-

198 3356 257 3404 sus
278 3334 313 3401 ei
334 3335 524 3406 adsentior.
587 3333 670 3402 Tibi
696 3334 799 3402 etiam
826 3346 928 3421 opto,
964 3348 1003 3404 ut
1027 3336 1181 3403 remedia

197 3435 362 3504 salutaria
379 3435 566 3524 experiaris
575 3428 623 3527 *),
650 3449 683 3505 et
697 3430 811 3502 Deum
827 3448 1020 3518 aeternum,
1041 3433 1180 3502 Patrem

189 3534 345 3621 ¹Domini
370 3536 481 3602 nostri
508 3535 586 3604 lesu
609 3532 760 3618 Christi,
793 3559 875 3613 oro,
908 3547 948 3603 ut
979 3548 1012 3604 tc
1039 3550 1072 3606 et
1095 3536 1183 3603 alios

195 3637 275 3728 pios
297 3632 483 3723 Evangelii
504 3637 684 3704 ministros
706 3647 820 3703 servet
840 3649 873 3703 et
895 3637 1077 3719 defendat,
1108 3660 1182 3703 non

197 3737 313 3808 solum
343 3748 465 3804 contra
496 3736 622 3827 impias
655 3736 861 3828 tyrannides
891 3735 1076 3820 Turcicas,
1122 3738 1181 3804 sed

195 3838 302 3908 etiam
326 3850 447 3904 contra
472 3836 560 3904 alios
575 3837 710 3905 diaboli
727 3836 874 3911 sorores.
925 3830 1186 3929 †Moguntini

194 3936 343 4031 perfidia
360 3936 521 4025 congruit
538 3963 616 4005 cum
634 3938 752 4028 aliquo
771 3937 883 4005 dicto:
908 3931 1116 4029 Magantia
1135 3936 1183 4006 ab

194 4037 351 4133 antiquo
366 4032 627 4133 nepteam''**).
677 4038 745 4107 Sed
764 4034 860 4105 Deus
875 4052 1055 4122 aeternus,
1080 4039 1184 4108 Pater

193 4139 342 4211 Domini
372 4141 483 4208 nostri
517 4140 597 4207 Iesu
625 4134 779 4220 Christi,
821 4138 984 4209 defendet
1011 4136 1184 4208 Ecclesias

196 4265 288 4314 suas.
338 4239 487 4310 Prorsus
510 4236 594 4307 haec
613 4253 695 4308 sunt
717 4252 875 4329 tempora
899 4240 1027 4308 similia
1043 4239 1182 4309 Macca-

194 4345 365 4415 haeorum
380 4342 564 4431 periculis,
585 4340 648 4407 ubi
661 4339 847 4407 fraudibus
863 4353 896 4407 et
909 4342 1089 4409 manifesta
1106 4342 1184 4409 vio-

195 4444 304 4514 lentio
312 4439 466 4510 Ecclesia
482 4454 683 4532 oppugnata
698 4452 759 4506 est.
811 4437 971 4507 Gratiam
987 4442 1052 4509 tibi
1068 4438 1183 4510 habco

198 4570 260 4636 pro
286 4536 486 4613 assiduitate
509 4543 547 4610 in
573 4543 777 4624 scribendo,
804 4554 839 4609 et
855 4538 970 4609 Deum
987 4566 1070 4625 oro,
1094 4554 1135 4611 ut
1150 4555 1182 4611 te

200 4660 323 4717 srvet.

217 4671 231 4716 e
295 4744 455 4834 Pagellas
487 4745 611 4827 mitto,
645 4765 732 4835 quas
763 4742 850 4812 honi
873 4734 1058 4817 consulito.
1114 4741 1182 4811 Dic

203 4847 256 4923 16.
272 4846 500 4938 Septembris.

707 4954 893 5050 Philippus
909 4955 1131 5028 Melanthon.

183 5077 413 5095 Μή...-

221 5203 255 5255 l)
274 5193 374 5265 Spanh.
389 5193 470 5248 edidit
480 5209 640 5259 precamur.
790 5256 795 5261 ι

214 5280 252 5345 2)
272 5279 333 5332 Atia
348 5296 443 5330 uranus
455 5274 598 5345 adscripsit
608 5289 679 5328 ann.
694 5275 769 5330 1516.

214 5361 255 5426 *t
274 5363 317 5414 De
332 5362 430 5413 morbo
445 5358 499 5430 Viti
515 5358 570 5410 vid.
584 5356 641 5409 'eius
655 5374 696 5427 ep.
708 5357 741 5409 ad
756 5357 894 5412 Brentium
913 5358 940 5411 d.
954 5357 995 5410 22
1009 5358 1079 5428 Aug.

209 5444 271 5511 **)
288 5445 362 5499 Haec
373 5443 521 5496 Saubertus
533 5440 722 5511 praetermisit.

784 296 1216 377 EPISTOLARUM
1265 302 1369 381 LlB.
1393 302 1441 384 X.
1493 300 1622 382 1646.

2158 297 2235 381 288

2076 480 2235 606 Q·

1243 474 1310 546 No.
1326 476 1441 552 3562.

1594 666 1639 753 C.
1656 669 1888 754 Fiscbcro.

1311 843 1333 912 †
1358 842 1395 894 Er
1415 843 1579 898 collectione
1601 844 1730 899 Ballenst.
1750 846 1813 902 Vol.
1829 845 1850 900 l.
1870 865 1896 918 p.
1909 846 1969 910 23..
1994 847 2055 918 qui,
2074 846 2146 900 unde
2162 844 2247 903 hanc.

1345 913 1485 980 epistolam
1501 912 1633 976 hauserit,
1651 934 1706 968 non
1720 914 1791 968 dixit.

1244 1060 1291 1138 V
1285 1063 1467 1136 enecando
1482 1068 1578 1155 viro,
1604 1066 1805 1142 eruditione
1819 1079 1850 1140 ct
1865 1070 1995 1142 virtute
2011 1071 2232 1168 praestanti,

1240 1164 1321 1242 Dn.
1343 1165 1407 1241 M.
1427 1157 1779 1267 Christophoro
1799 1167 2044 1259 Fischero,
2076 1196 2231 1270 praepo-

1311 1269 1383 1339 sito
1397 1267 1586 1341 Ecclesiae
1600 1270 1678 1342 Dei
1693 1272 1732 1342 in
1748 1322 1813 1348 ....
1825 1272 1914 1370 ..*),
1948 1273 2065 1344 amico
2081 1299 2168 1356 suo,

1240 1394 1281 1483 S.
1310 1417 1354 1491 D.
1408 1417 1616 1489 Veneranda
1634 1418 1678 1494 D.
1696 1419 1908 1511 Praeposite.
1960 1420 2070 1489 Venit
2091 1416 2161 1488 hue
2184 1423 2229 1489 ad

1241 1514 1492 1588 Reverendum
1514 1520 1558 1593 D.
1573 1515 1763 1589 Pastorem
1786 1520 1962 1590 Ecclesiae
1984 1533 2124 1590 nostrae
2146 1521 2229 1611 qui·
2255 1594 2257 1601 .

1241 1620 1323 1689 dam
1345 1621 1431 1689 civis
1456 1636 1589 1706 vester,
1620 1618 1808 1693 Visentius
1826 1615 2141 1721 Neudrirffer”),
2164 1621 2227 1714 qui

1241 1722 1330 1809 petit
1352 1724 1539 1791 consilium
1555 1725 1598 1790 de
1613 1727 1765 1792 secunda
1779 1724 1926 1811 coniuge
1942 1724 2119 1800 ducenda,
2146 1746 2227 1789 cum

1240 1844 1260 1887 a
1284 1823 1422 1913 priore,
1453 1837 1493 1892 ut
1514 1837 1653 1908 narrat,
1685 1826 1843 1893 desertus
1864 1825 1918 1892 sit.
1970 1821 2061 1891 Vide
2084 1835 2226 1891 senten·

1240 1922 1325 1990 tiam
1348 1922 1703 2008 Iurisconsultorum,
1729 1947 1818 2016 quae
1840 1925 1922 1992 satis
1945 1924 2035 1997 dura
2050 1935 2118 2003 est,
2145 1945 2226 1992 cum

1240 2046 1318 2114 spes
1342 2024 1442 2092 nulla
1466 2026 1511 2094 sit
1536 2025 1845 2097 reconciliationis.
1911 2023 1997 2094 Peto
2021 2024 2148 2112 igitur,
2185 2035 2226 2090 ut

1241 2126 1344 2193 nobis
1373 2125 1592 2212 significetis,
1631 2149 1679 2193 an
1711 2126 1810 2216 prior
1840 2126 1969 2193 mulier
1999 2126 2156 2193 confessa
2179 2123 2225 2190 sit

1240 2227 1452 2295 adulterium
1466 2227 1768 2317 antequamaviro
1778 2226 1945 2307 discessit,
1971 2239 2005 2293 et
2019 2249 2065 2293 an
2081 2236 2225 2313 propter

1240 2328 1412 2395 adulteria
1436 2328 1492 2393 vel
1511 2341 1648 2395 tanturn
1662 2338 1807 2417 propter
1823 2325 2001 2394 saevitiam
2018 2324 2225 2404 discesserit,

1240 2441 1275 2495 ct
1291 2430 1411 2519 quales
1435 2428 1504 2494 sint
1529 2427 1598 2494 viri
1619 2450 1752 2510 mores,
1785 2426 1939 2518 denique
1960 2426 1990 2494 si
2016 2425 2103 2516 quid
2125 2423 2224 2491 aliud

1239 2527 1325 2595 scire
1356 2529 1517 2618 prodest,
1557 2529 1653 2619 quod
1681 2530 1782 2596 vobis
1812 2527 2027 2618 exploratius
2048 2537 2100 2594 est
2119 2546 2224 2616 quam

1238 2629 1352 2700 nobis.
1397 2627 1480 2696 Non
1495 2628 1600 2696 velim
1615 2629 1750 2697 turbari
1766 2627 1945 2697 ecclesiam
1957 2639 2121 2707 vestram,
2143 2624 2225 2692 ideo

1237 2729 1335 2818 prius
1366 2729 1468 2797 vobis
1496 2730 1653 2821 significo
1675 2719 1766 2797 hanc
1789 2742 1944 2798 nostram
1967 2725 2224 2818 dubitationem

1237 2832 1280 2897 de
1298 2830 1437 2917 negotio
1462 2830 1506 2898 ad
1521 2823 1711 2898 Pastorem
1727 2830 1844 2902 allato.
1895 2824 1943 2898 Et
1959 2829 2077 2897 literas
2092 2836 2224 2893 vestras

1236 2930 1416 3017 inscribite
1432 2928 1560 3001 Rever.
1572 2931 1727 3001 Domino
1742 2929 1889 2999 Pastori.
1942 2927 1981 2999 si
1993 2925 2139 3018 potestis
2153 2917 2224 2992 huc

1236 3031 1419 3120 exspatiari
1436 3056 1552 3101 coram
1572 3032 1698 3100 melius
1714 3045 1886 3120 exponere
1901 3027 1946 3102 D.
1960 3027 2099 3098 Pastori
2114 3039 2222 3095 totam

1236 3156 1310 3200 rem
1326 3134 1482 3222 possetis.
1533 3131 1575 3205 B.
1595 3130 1640 3205 V.
1667 3133 1724 3200 die
1740 3129 1798 3203 17.
1813 3130 1935 3221 septb.

1840 3240 1935 3333 PhitJ
1946 3256 2172 3333 Melanthon.

2177 3490 2222 3500 -ae-

1234 3649 1300 3722 No.
1322 3645 1432 3720 3563.

1237 3745 1445 3776 Μ

1504 3855 1652 3938 loccis.
1686 3851 1942 3939 Camerario.

1286 4033 1370 4104 Epist.
1389 4033 1421 4086 ad
1442 4035 1577 4088 Camerar.
1596 4052 1622 4104 p.
1636 4032 1695 4087 559.
1715 4033 1770 4101 (ed.
1789 4034 1875 4089 Lond.
1894 4032 1941 4087 lib.
1962 4034 2010 4088 lV.
2031 4052 2074 4106 ep.
2087 4035 2169 4103 702).

1236 4184 1395 4260 Clariss.
1436 4190 1513 4259 viro
1553 4185 1754 4260 eruditione
1788 4199 1819 4259 et
1855 4189 1983 4260 virtute
2013 4194 2223 4287 praestanti

1261 4286 1507 4362 Ioacitimo
1530 4286 1805 4370 Camerario
1826 4286 1964 4360 Bamb.
1986 4292 2104 4362 amico
2127 4289 2190 4364 καὶ

1440 4389 1592 4488 ἀδελφῷ
1607 4387 1826 4490 panviniani
1842 4386 2019 4488 φιλτάτῳ.
2073 4423 2080 4431 ,

1215 4530 1218 4545 ’
1235 4525 1276 4616 S.
1304 4547 1349 4623 D.
1400 4546 1478 4618 Etsi
1493 4570 1619 4635 magno
1633 4549 1672 4615 in
1688 4549 1811 4617 dolore
1825 4561 1858 4615 et
1869 4548 1921 4617 fui
1937 4547 2040 4617 initio
2055 4546 2161 4630 belli,
2187 4561 2221 4618 et

1227 4673 1331 4720 ‘nunc
1354 4673 1453 4733 sum,
1486 4674 1565 4717 cum
1590 4649 1744 4738 pericula
1767 4663 1948 4729 crescunt,
1973 4664 2091 4719 tamen
2107 4647 2225 4716 maio.

1233 4773 1308 4820 rem
1340 4753 1423 4822 inde
1454 4773 1564 4842 usque
1592 4750 1636 4817 ab
1659 4750 1761 4817 annis
1785 4751 1985 4841 quindecim
2009 4749 2220 4818 moestitiam

1235 4853 1454 4933 circumtuli,
1487 4865 1631 4941 propter
1655 4850 1866 4940 multiplices
1891 4852 2073 4921 doctrinae
2096 4874 2218 4918 corru-
2292 4848 2295 4855 ’

1234 4955 1360 5045 ptelas,
1385 4953 1514 5045 quibus
1538 4953 1600 5043 qui
1623 4952 1799 5021 debebant
1819 4964 1853 5020 et
1875 4966 2054 5049 poterant,
2083 4950 2217 5018 mederi

1234 5120 1460 5134 *ιι-

1268 5226 1294 5289 *)
1315 5221 1413 5287 Legere
1427 5237 1483 5271 non
1500 5216 1586 5288 potuit
1599 5219 1714 5270 verbum
1729 5217 1775 5286 qui
1789 5215 1946 5282 descripsit,
1958 5213 2009 5268 fuit
2022 5214 2133 5267 sortasse
2146 5215 2216 5268 scri·

1301 5299 1378 5370 ptum
1393 5289 1584 5339 Bonemorum
1596 5285 1722 5351 Bensen,
1742 5296 1771 5337 ut
1784 5285 1810 5335 in
1830 5283 1989 5353 quibusdam
2011 5282 2068 5334 aliis
2087 5281 2215 5353 epistolis.
2304 5319 2307 5324 »
2362 5310 2367 5325 ··

1299 5377 1317 5409 r.
1331 5376 1354 5411 e.
1368 5356 1506 5419 Interdag.

1266 5441 1308 5504 et)
1326 5437 1388 5491 Vid.
1404 5437 1479 5508 epist.
1493 5436 1520 5490 d.
1532 5436 1575 5490 28.
1584 5435 1665 5490 Febr.
1681 5435 1755 5488 1547.
