4882 6426
98 270 176 380 sir
295 328 299 337 ·
681 290 1123 378 aessuouaaun
1181 291 1374 372 atax.
1425 286 1560 371 saer.
1733 340 1736 345 -
1921 262 1929 283 “
2074 304 2153 383 aa

102 466 327 549 Clarissimo
349 475 442 558 ciro,
470 472 601 546 virtute
622 482 654 546 et
673 468 878 554 eruditione
891 465 1103 568 praestanti
1261 463 1369 537 Hunc
1389 457 1647 553 Ioacltimam,
1679 492 1786 564 quam
1810 469 1932 546 vidisti
1950 484 2091 548 mmm
2112 477 2153 547 t„

97 577 156 656 D.
184 574 457 673 Augustino
482 572 513 647 S
521 570 634 647 char
633 575 670 675 s
662 575 699 675 s
702 575 764 661 io,
804 572 900 643 artis
926 564 1102 653 Medicas
1155 565 1489 659 urbeVangionum
1512 564 1799 663 etllatisponae,
1824 572 2038 668 scisoptimo
2053 578 2153 669 inge-

174 676 336 794 poctori
346 688 408 753 eto.
425 675 545 748 amico
563 684 595 748 et
606 686 768 776 patrono
789 699 857 747 suo
880 667 1029 746 colendo
1155 669 1217 739 nio
1232 671 1432 763 praeditum
1448 691 1538 748 esse,
1565 682 1599 740 et
1610 672 1789 761 praeclare
1803 672 2013 747 instructum
2030 680 2153 751 erudi·

1155 771 1323 850 tioneet
1337 783 1539 841 reverenter
1551 770 1666 842 colere
1679 768 1750 867 τὴν
1761 798 1802 845 ce
1812 768 1998 870 ἀλήθειαν
2010 776 2074 851 καὶ
2087 785 2153 874 τῆς
2280 820 2286 827 ·

99 842 145 932 S.
170 856 218 933 D.
275 853 479 929 Clarissime
503 854 561 924 vir
583 869 618 926 et
638 855 750 926 amice
773 847 997 937 charissime,
1022 846 1102 921 Etsi
1155 866 1334 967 ἀληθείας
1365 864 1625 954 διδασκάλους,
1683 873 1805 965 Qum
1832 888 1867 947 te
1889 903 1974 961 om,
2006 894 2048 953 up
2070 906 2152 952 ,um

100 976 261 1052 tempora
282 952 369 1028 hacc
390 958 596 1028 turbulenta
615 980 679 1048 per
695 978 769 1026 sese
782 953 984 1045 impediunt
997 947 1101 1023 scho-
1155 973 1412 1066 complectaris,
1459 968 1463 973 ’

99 1064 215 1133 lorum
231 1059 539 1131 constitutionem:
566 1071 685 1129 tamen
703 1057 733 1127 si
752 1056 887 1133 aulicae
901 1055 1101 1126 voluntates
1254 1073 1339 1144 Mea
1356 1097 1458 1144 mens
1473 1087 1507 1144 et
1521 1097 1590 1144 vox
1605 1073 1644 1145 in
1660 1069 1819 1146 Eccleeia
1836 1079 1959 1153 eadem
1973 1084 2059 1166 eris,
2081 1050 2151 1154 'nec

101 1161 286 1255 aeqni⁰re⁸
323 1172 455 1244 estem,
495 1160 684 1248 liwffldffe
716 1155 925 1229 Ῑῐῑθῑθΰηῑῖθ
959 1151 1101 1226 sth⁰l³⁰
1153 1200 1209 1246 me
1224 1177 1407 1264 seiungam
1422 1199 1442 1245 a
1457 1187 1539 1246 teet
1553 1175 1730 1246 similibus
1744 1176 1812 1267 piis
1827 1179 2044 1267 doctoribus,
2068 1184 2151 1259 ubi-
2207 1239 2216 1255 .

100 1277 229 1355 posset.
263 1259 338 1330 lam
352 1284 434 1330 cum
447 1254 534 1330 haec
549 1260 751 1343 scriberem,
773 1257 998 1349 ingenlfflum
1013 1258 1101 1336 ³⁶⁰·-
1153 1301 1292 1371 cunque
1314 1300 1386 1349 ero.
1436 1275 1607 1347 Nondum
1632 1276 1728 1347 enim
1743 1293 1873 1352 certam
1889 1282 2007 1352 sedem
2023 1279 2151 1361 babeo.

100 1365 290 1433 lescentem
305 1355 567 1455 Augustanum
582 1363 724 1433 remflw
737 1352 927 1455 ῙᾸΡὸἷαΜ,
953 1359 1016 1452 (ΙΠῙ
1031 1353 1100 1427 huc
1151 1375 1199 1451 Et
1220 1401 1322 1471 spero
1346 1380 1423 1448 fore
1447 1391 1487 1448 ut
1512 1377 1706 1471 aliquando
1730 1378 1988 1476 colloquamur.
2052 1382 2150 1457 Beue

100 1464 229 1536 missus
251 1475 313 1533 est.
364 1459 412 1534 Et
432 1464 519 1533 tales
541 1464 645 1533 multi
669 1458 729 1533 hic
750 1462 915 1580 fuerunt,
941 1458 1100 1577 audituri
1151 1481 1230 1552 vale
1244 1494 1279 1551 et
1295 1481 1445 1551 mrim,
1480 1475 1868 1573 5,1du,sepeeml‚re„
1903 1481 2149 1577 witebergae,

100 1589 192 1660 quae
208 1588 285 1656 spes
300 1563 346 1635 sit
360 1565 406 1634 de
420 1559 625 1638 Academia.
670 1563 742 1636 Sed
757 1565 861 1632 video
877 1585 917 1630 rn
932 1563 1012 1633 aula
1028 1560 1099 1630 drf·
1668 1575 1858 1676 Philippu,
1872 1581 2098 1660 Melanthon,
2180 1647 2182 1651 ⁸

97 1666 184 1739 ferri
200 1662 265 1736 bas
279 1665 567 1754 deliberationes,
590 1666 748 1737 fortassis
763 1678 805 1736 ut
820 1687 919 1735 mora
935 1687 1000 1733 nos
1017 1675 1099 1733 tau-

99 1771 181 1840 dem
202 1779 304 1859 cogat
325 1767 516 1843 discedere.
566 1763 644 1858 Ego
667 1781 786 1838 tamen
800 1766 963 1836 nondum
979 1764 1099 1853 abibo,
1152 1791 2147 1826 -—----—-··—---·--—-·--

98 1869 364 1960 sed‘expectabo
377 1867 560 1941 nundinas
572 1861 760 1965 Lipsicas.
810 1848 901 1938 llam
917 1890 976 1936 me
990 1866 1095 1936 etiam

97 1971 261 2042 officinae
293 1965 593 2067 typographorum
628 1971 795 2044 retinent.
860 1965 952 2039 Cum
980 1982 1096 2038 autem
1148 1941 1346 2070 Q·
1956 1947 2030 2027 (1⁰0
2045 1946 2148 2032 Sept.)

96 2073 295 2151 discedam,
325 2072 394 2142 iter
412 2073 457 2140 ad
481 2090 544 2141 vos
559 2072 696 2144 faciam.
747 2069 838 2140 Nam
856 2083 917 2140 aut
934 2062 1096 2138 Steada·

100 2169 195 2244 iiam
218 2187 311 2244 recta
334 2173 413 2258 ibo,
443 2185 505 2242 aut
527 2174 573 2240 ad
589 2166 810 2265 Merebarg,
843 2173 940 2242 unde
960 2170 1028 2241 iter
1046 2182 1096 2240 est
1536 2125 1585 2208 P·
1617 2125 1765 2231 Ehem·

99 2275 325 2345 commodiss.
345 2275 390 2343 ad
415 2264 641 2347 Northasea.
701 2273 802 2343 Deus
833 2285 947 2342 servet
974 2295 1038 2342 vos
1062 2285 1095 2343 et
1217 2279 1303 2352 Epist.
1322 2278 1540 2352 tisanana.
1558 2278 1852 2351 (etit.Lont.1tb.tt.
1870 2279 2010 2352 epten).
2134 2275 2139 2296 .

98 2391 251 2447 vestram
274 2375 501 2446 domesticam
520 2370 714 2445 Ecclesiam
737 2375 951 2458 incolumes,
976 2386 1011 2443 et
1031 2397 1096 2442 vo-

98 2478 154 2548 bis
177 2477 270 2546 vires
293 2476 452 2566 corporis
476 2475 648 2546 restituat.
699 2474 828 2549 Amen.
886 2472 954 2544 Die
977 2472 1096 2543 Natali
1181 2544 1184 2551 ,
1442 2427 1486 2499 D
1489 2485 1499 2505 ⁰
1524 2424 1562 2501 Ρ
1564 2428 1676 2501 “⁸1⁰
1702 2426 1742 2498 E
1749 2427 1824 2501 w
1832 2454 1854 2499 ⁰

100 2572 254 2649 Mariae
269 2575 447 2667 virginis.
480 2578 542 2670 qui
566 2578 635 2647 fuit
658 2574 734 2646 dies
756 2577 885 2647 excidii
908 2569 1096 2667 lerosoly-
1148 2559 1196 2652 S.
1220 2576 1266 2649 D.
1318 2575 1518 2649 Meministi
1544 2586 1708 2648 versusa
1735 2574 1884 2647 Platone
1907 2578 2048 2665 citatos,
2080 2604 2145 2653 nec

101 2690 242 2750 martem
257 2677 591 2771 anteannosb1473.
1149 2704 1276 2753 aurum
1292 2703 1357 2749 nec
1371 2675 1608 2750 Adamantem
1623 2680 1712 2749 adeo
1727 2677 1875 2768 fulgere,
1899 2692 1941 2750 ut
1954 2681 2066 2772 fulget
2079 2684 2146 2754 bo·

1150 2806 1280 2853 norum
1301 2780 1502 2851 concordia.
1554 2779 1641 2850 Vidi
1658 2776 1717 2850 hic
1733 2780 1806 2849 Dei
1822 2779 1993 2851 beneficio
2011 2786 2144 2855 multo·

1150 2908 1229 2954 rum
1261 2883 1473 2952 excellenter
1500 2884 1686 2952 doctorum
1718 2893 1754 2951 et
1780 2882 1958 2951 bonorum
1985 2883 2144 2956 virorum

1151 2984 1377 3054 concordiam
1391 3007 1464 3053 csse
1478 2983 1673 3072 egregiam,
1698 2995 1733 3051 et
1747 2982 1891 3071 dignam
1908 2977 2143 3076 philosophis,

99 3121 167 3196 No·
182 3118 283 3194 4015
964 3129 996 3191 3·
1011 3119 1096 3203 Sep„
1150 3088 1250 3157 errius
1288 3085 1522 3155 consideratio
1554 3106 1701 3172 magnae
1735 3077 1825 3152 mihi
1858 3084 2033 3176 voluptati
2063 3089 2144 3163 fuit.

104 3175 296 3250 'w'
455 3214 462 3222 ·
961 3217 1098 3245 w»
1151 3187 1296 3259 Utinam
1311 3212 1376 3256 nos
1393 3187 1432 3255 iu
1445 3181 1605 3281 Sarepta
1622 3198 1743 3255 nostra
1759 3196 1883 3254 mutuo
1901 3211 2022 3257 amore
2040 3189 2145 3258 nobis

334 3370 337 3375 q
422 3300 525 3387 Eut·
557 3295 778 3385 Muscul,
1149 3290 1236 3379 ipsis
1259 3288 1419 3359 miserias
1439 3301 1576 3358 nostras
1600 3287 1705 3357 etiam
1730 3287 1932 3356 leniremus.
1991 3286 2034 3356 ln
2058 3312 2144 3359 con·

258 3402 265 3413 '
1150 3382 1259 3461 ventu
1275 3383 1498 3483 Aregmtano
1520 3401 1667 3458 narrant
1687 3388 1895 3480 aliquandiu
1912 3388 1984 3458 iam
1999 3403 2144 3481 pmpter

1149 3494 1332 3560 adversam
1349 3491 1587 3560 valetudinem
1600 3486 1827 3578 Imperatoris
1840 3488 2058 3559 intermissos
2070 3513 2144 3561 esse
2210 3484 2214 3490 ⁴

1151 3590 1312 3682 publicos
1334 3612 1561 3678 congressus,
1592 3611 1632 3658 ac
1650 3591 1812 3658 nondum
1835 3589 1944 3656 finem
1964 3613 2037 3660 esse
2052 3592 2144 3661 deli·

105 3724 328 3804 Veaeraodo
342 3725 432 3811 viro,
453 3718 657 3797 eruditione
670 3731 700 3795 et
719 3717 866 3797 Virtute
878 3718 1098 3818 praestanti,
1149 3691 1374 3762 bffflllfflfflm
1399 3686 1483 3784 mil
1501 3693 1565 3782 Τῆς
1586 3688 1626 3760 ἐν
1649 3684 1796 3782 aoraton
1822 3683 1986 3761 συνόδου
2007 3705 2145 3781 pulani·

100 3829 155 3907 D.
183 3823 391 3925 Eutychi
398 3852 420 3897 o
445 3821 687 3912 Mascula,
716 3822 945 3920 gubernanti
969 3818 1098 3892 Eccle.
1150 3791 1213 3863 Me
1225 3792 1291 3865 etsi
1304 3803 1574 3883 repugnantem,
1599 3792 1717 3861 tamen
1733 3786 1971 3860 Ascaniasin
1986 3793 2143 3864 vicinum

101 3934 200 4006 siam
223 3929 302 4002 Dei
325 3930 365 4000 io
390 3924 477 4000 arbe
496 3916 693 4022 'Augustm
727 3922 854 4026 fratri
883 3949 952 3995 suo
981 3922 1098 3994 caris-
1149 3895 1322 4013 oppidum
1343 3889 1499 4012 alifam
1552 3889 1698 4011 Interim
1717 3914 1845 3984 ¹l¹¹³⁰⁸⁰
1863 3904 1903 3960 ¹¹²
1918 3893 2071 3983 Pfssellffi
2087 3918 2144 3964 ‘⁸-

392 4063 421 4109 ·.
518 4024 682 4125 simp),
722 4121 732 4129 ..
779 4083 790 4115 „
1149 3996 1264 4090 ltquas
1279 3996 1493 4078 dialecticae,
1517 4008 1649 4085 positas
1663 4018 1701 4062 ra
1715 4017 1792 4062 mea
1806 4015 1938 4079 mensa,
1964 4015 2054 4087 quac
2069 4020 2145 4065 me·

755 4168 760 4175 ,
1150 4099 1208 4167 dia
1231 4110 1283 4167 est
1305 4097 1344 4165 in
1368 4095 1527 4168 conclavi
1552 4119 1650 4175 meo,
1681 4090 1909 4187 typographis
1934 4096 2085 4181 tradas,
2103 4111 2144 4167 ut
2216 4176 2223 4184 ,

101 4181 146 4271 S.
161 4195 216 4270 Β.
260 4187 308 4266 Ὠ
323 4189 475 4287 φίλτατε
502 4185 638 4286 ἀδελφέ
659 4186 723 4261 καὶ
748 4182 1014 4286 θεοσεβέσέατε
1040 4184 1098 4263 dt-
1150 4200 1343 4270 editionem
1363 4199 1560 4268 absolvant.
1611 4195 1700 4264 Naar
1718 4197 1762 4283 ‚in
1785 4195 1968 4287 postremis
1990 4197 2062 4266 illis
2080 4222 2143 4288 pa-

103 4294 276 4377 adorate.
310 4293 389 4365 Εῑδὶ
403 4317 480 4363 ⁵1¹¹ss
496 4294 534 4361 1¹¹
545 4315 677 4382 magno
691 4294 816 4363 dolore
828 4305 973 4383 propter
989 4302 1098 4363 tetros
1150 4301 1250 4389 gellis
1271 4295 1363 4377 nihil
1385 4320 1524 4368 necesse
1540 4310 1592 4366 est
1609 4298 1749 4368 mutari.
1802 4295 1923 4367 Unum
1938 4310 2044 4393 atque
2057 4299 2145 4368 altc-

103 4401 190 4473 belli
205 4411 363 4480 eventus,
388 4410 505 4466 lamen
522 4418 596 4464 ¹¹⁰ss
613 4395 727 4463 mullo
744 4394 919 4462 minorem
937 4392 1097 4463 dolorem
1149 4424 1230 4471 rum
1254 4400 1452 4491 exemplum
1475 4397 1633 4468 fortassis
1657 4397 1889 4482 addidissem,
1918 4398 1948 4466 si
1966 4394 2071 4468 istlric
2088 4423 2143 4469 es-

102 4526 220 4596 meum
252 4521 365 4568 annos
395 4499 467 4566 iam
493 4496 645 4587 amplius
667 4494 854 4563 duodecim
879 4493 1099 4577 circumfero,
1150 4526 1234 4582 sem.
1286 4499 1482 4593 Cupiebam
1505 4501 1609 4569 etiam
1631 4501 1783 4568 inserere
1808 4498 1926 4567 locum
1949 4494 2032 4595 περὶ
2053 4524 2145 4593 npo·

101 4626 222 4677 causas
239 4599 436 4690 ingentium
454 4599 629 4667 malorum
649 4596 788 4665 assidue
806 4595 969 4678 intuens,
995 4594 1100 4664 dissi-
1151 4597 1410 4699 σωηοληψίας,
1443 4612 1482 4671 ut
1505 4615 1539 4672 et
1561 4601 1773 4670 vocabulum
1786 4598 1998 4678 ,iunioribus
2019 4613 2144 4672 notum

100 4706 203 4777 dium
226 4700 431 4771 docentium
446 4701 484 4769 in
498 4695 666 4777 Ecclesiis
681 4697 811 4767 nostris
826 4699 870 4767 de
884 4720 923 4766 re
937 4696 1100 4782 maxima,
1151 4706 1271 4791 ficret,
1314 4716 1350 4775 et
1381 4704 1628 4784 emendaretur
1661 4696 1787 4770 Stoica
1821 4701 2028 4789 imaginatio
2062 4700 2145 4796 περὶ

102 4804 360 4895 neglectioncrn
402 4803 560 4872 veritatis
592 4802 631 4870 iu
668 4800 792 4870 multis
827 4798 1033 4870 doctoribus
1066 4811 1101 4868 ct
1151 4801 1387 4901 προορίσεως.
1425 4803 1495 4876 Sed
1511 4805 1582 4872 alio
1600 4817 1757 4893 tempore
1775 4814 1940 4894 poterunt
1955 4803 2039 4872 addi
2056 4828 2145 4897 quae
2253 4862 2256 4868 .

102 4906 346 4998 principibus,
393 4899 457 4974 καὶ
490 4895 698 4983 πλεονεξίας
732 4893 1101 5000 πολυπραγμοσύνην
1152 4909 1330 4983 volumus.
1381 4905 1477 4974 Bene
1497 4906 1586 4976 vale.
1637 4901 1795 4974 Salutem
1810 4916 1893 4991 opto
1910 4903 2013 4974 vobis
2029 4905 2147 4972 ornai-

100 4998 401 5103 sartyepdraa.
433 5002 909 5092 Petamusigitnrpoenas,
934 5001 1100 5075 etDeum
1154 5012 1240 5095 bus,
1264 5023 1299 5079 et
1314 5008 1469 5077 familiae
1487 5030 1595 5076 meac.
1644 5002 1783 5075 Vellem
1799 4998 2041 5075 Malthaecorae
2061 5004 2147 5077 vici·

104 5131 266 5192 oremus,
290 5119 331 5175 ut
344 5118 444 5175 sanet
457 5106 605 5175 vulnera
619 5118 750 5173 nostra.
1155 5135 1243 5183 num
1260 5125 1361 5182 tuum
1376 5102 1544 5178 inchoare
1560 5098 1751 5204 σφαιρικά.

169 3476 247 3543 ·1·Ex
265 3484 375 3543 aufuget
395 3475 432 3528 bo
447 3475 476 3527 in
495 3473 620 3527 biblioth.
640 3470 716 3527 urbis
728 3469 863 3538 Zofirrgen
883 3466 949 3520 mibi
964 3467 1097 3528 descripta

204 3544 358 3598 al’l..Res.
397 3545 514 3596 ritorto.

137 5395 168 5462 *l
188 5391 366 5463 Adseriptuna
378 5397 431 5443 ests
452 5387 526 5444 1547.
544 5387 581 5442 24
592 5384 703 5456 septb„
719 5383 903 5452 hauddubie,
921 5391 950 5437 ut
965 5381 1099 5456 significe-

171 5472 233 5528 tur,
252 5457 411 5515 Musculum
427 5476 460 5510 eo
474 5457 517 5512 die
530 5456 601 5513 banc
615 5455 756 5518 epistolam
773 5453 919 5520 accepisse.

1970 2039 2142 2070 Μ
2235 2056 2248 2077 5
