4882 6426
419 216 429 248 1

2189 281 2264 355 714

212 292 287 368 ns
795 280 1246 385 ‚ualsronarsuu
1306 282 1412 361 nm.
1439 283 1486 364 rt
1539 283 1672 365 asar.

215 483 331 531 mores
352 456 531 531 ac‘studia
552 457 792 553 cognovisset,
816 484 932 553 nuper
956 454 1027 530 huc
1046 458 1145 529 venit
1167 481 1209 529 ex
1261 479 1334 526 sem
1362 469 1484 528 contra
1505 450 1767 556 Tridentinom
1783 449 1832 553 ⁴).
1891 454 1971 529 Hoc
1993 456 2025 528 si
2048 466 2258 571 vemmest,

214 562 326 651 patria
349 575 531 650 aegrotus,
561 564 593 631 is
615 556 681 632 hac
705 576 826 648 nocte,
860 587 941 633 cum
963 561 1117 631 animam
1134 558 1209 630 filio
1260 560 1371 631 metui
1401 559 1547 630 consilia
1579 557 1805 649 imperatoris
1837 583 1858 629 a
1886 557 2051 631 Romano
2082 556 2254 628 Pontrlice

146 666 158 692 ‘
212 658 281 731 Dei
304 662 359 752 pie
374 664 666 747 commendasset,
693 663 849 734 decessit.
900 661 950 734 Ut
970 675 1087 732 autem
1105 662 1209 730 fune-
1259 662 1484 731 manifestum
1510 672 1576 730 est:
1606 665 1668 730 sed
1691 685 1870 752 speremus
1892 674 1927 732 et
1946 655 2253 753 petamusaFilio

213 761 263 831 ris
288 763 508 832 ceremoniae
531 764 660 834 usitato
675 759 852 834 Ecclesiae
872 788 972 834 more
992 763 1098 847 fiant,
1123 756 1209 831 hor·
1258 763 1325 833 Dei
1347 762 1607 846 defensionem,
1629 786 1703 833 non
1726 761 1898 853 aRegum
1923 761 2093 832 consiliis.
2144 758 2185 830 si
2208 759 2252 827 de

212 878 330 933 tamur
352 859 596 949 scholasticos,
626 877 667 935 ut
688 861 776 934 hora
791 862 827 938 4.
842 877 923 933 ante
941 867 1042 934 aedes
1056 855 1212 958 Iosephi
1258 864 1461 956 quaestione
1485 864 1602 955 aliqua
1622 864 1781 954 proxime
1799 864 1987 954 scripsisti,
2014 864 2142 935 iterum
2163 859 2252 929 scri·

212 960 423 1057 typographi
439 965 663 1036 conveniant.
713 961 805 1037 Cum
827 979 944 1036 autem
961 960 1025 1034 hos
1044 986 1207 1053 cougres-
1257 966 1339 1052 bas,
1371 983 1454 1035 nam
1477 965 1599 1034 literae
1622 976 1701 1034 tuae
1714 989 1810 1034 nuuc
1825 989 1899 1033 non
1914 980 2014 1037 erant
2030 964 2075 1032 ad
2091 983 2247 1079 manum.

211 1087 270 1132 sus
295 1067 333 1131 in
356 1060 514 1134 Ecclesia
535 1066 718 1136 institutos
740 1090 812 1135 esse
835 1067 969 1151 sciant,
993 1079 1034 1136 ut
1049 1089 1207 1135 commo·
1255 1065 1353 1138 Beue
1375 1067 1471 1151 vale,
1509 1066 1545 1139 7.
1570 1063 1716 1138 Calend.
1738 1063 1960 1136 Novembris.
2026 1062 2106 1136 Tuo
2134 1058 2257 1159 amico*

208 1165 338 1234 nefacti
351 1177 464 1244 morte
479 1165 652 1252 aliorum,
679 1167 871 1257 cogitemus
886 1168 930 1236 de
948 1167 1062 1238 causis
1081 1166 1207 1238 mortis
1255 1182 1375 1240 nostra
1390 1168 1503 1238 officia
1520 1191 1594 1237 non
1609 1168 1770 1241 deerunt.

211 1277 246 1334 et
268 1264 418 1333 aliarum
441 1266 697 1353 calamitatum,
724 1271 767 1337 de
787 1283 906 1339 nostra
930 1267 1206 1361 immortalitate,

211 1366 255 1433 de
278 1364 410 1435 iudicio
427 1362 496 1434 Dei
512 1381 547 1436 et
561 1368 694 1465 deblio
707 1365 795 1453 Dei,
821 1369 967 1438 domino
985 1382 1106 1440 nostro
1124 1366 1204 1439 lesu

210 1459 374 1551 Christo,
400 1489 459 1535 eos
481 1467 541 1559 pio
555 1470 673 1540 studio
690 1471 913 1563 frequentare
928 1470 1076 1554 debent,
1105 1483 1138 1538 et
1155 1470 1203 1537 si-

210 1556 285 1632 mul
310 1590 410 1635 orare
434 1566 570 1653 Deum,
609 1583 649 1639 ut
672 1584 786 1640 servet
807 1566 984 1641 Ecclesiae
1006 1593 1088 1639 suae
1108 1571 1202 1638 bona

209 1664 351 1754 ingenia
365 1681 398 1737 et
413 1669 556 1760 aliquod
573 1683 732 1740 sanctum
749 1694 879 1742 semen.
932 1668 985 1740 Ac
1000 1695 1096 1742 nunc
1112 1684 1202 1740 tem-

2085 1545 2144 1607 26.
2159 1536 2233 1604 Oct.

2074 1625 2239 1655 Μ

1265 1504 1332 1612 Ns.
1348 1533 1459 1611 toas.

1257 1635 1469 1672 Μ

207 1790 295 1857 pora
316 1790 383 1835 nos
403 1770 615 1853 exuscitent,
655 1786 695 1841 ut
713 1775 794 1841 vota
815 1773 984 1842 faciamus
1007 1772 1199 1844 ardentius.

208 1863 427 1937 Minitautur
440 1862 631 1939 horribiles
644 1886 760 1942 motus
774 1896 848 1940 non
868 1873 983 1942 solum
1004 1873 1200 1944 discordiae

208 1965 247 2033 in
262 1964 469 2059 Rebuspub.
488 1972 548 2039 sed
567 1971 671 2039 etiam
688 1972 782 2062 ipsae
795 1969 953 2063 Eclipses
966 1966 1026 2067 ⁹),
1051 1998 1200 2066 quarum

1552 1735 1705 1819 Marco
1728 1731 1936 1819 Crudelio.
2008 1819 2011 1826 f

1351 1894 1436 1968 Epist.
1452 1895 1500 1951 lib.
1515 1893 1551 1953 V.
1568 1913 1595 1967 p.
1610 1894 1661 1949 379
1672 1913 1716 1967 sq.

208 2067 291 2149 illa,
316 2069 353 2135 in
369 2092 437 2160 qua
452 2070 505 2137 sol
520 2094 639 2140 mense
653 2071 846 2142 Novembri
864 2075 1121 2159 obscurabitur,
1142 2075 1200 2143 in·
1248 2048 1307 2123 M
1305 2076 1357 2123 Μ
1364 2075 1381 2123 ⁶
1388 2076 1409 2121 ⁰
1436 2048 1672 2150 ⁰s⁰d⁶li⁰s
1697 2046 1941 2144 (duhern‘mii
1953 2042 2129 2120 S⁶h⁰l⁰m
2145 2041 2242 2116 TW·

206 2180 327 2257 gentcs
348 2170 521 2239 tumultus
535 2171 696 2262 proximo
714 2197 809 2242 anno
826 2174 1035 2259 denunciat,
1061 2177 1143 2269 quia
1160 2175 1198 2243 iu
1290 2204 1293 2208 ’

1653 2147 1829 2248 pensem).

206 2268 279 2337 illis
304 2270 459 2338 tenebris
491 2294 569 2340 cum
601 2294 806 2361 congressus
836 2275 897 2345 fiat
917 2274 1030 2361 Solis,
1063 2275 1199 2362 Lunae,
1246 2281 1292 2372 S
1318 2298 1361 2369 D,
1410 2297 1491 2370 Etsi
1507 2300 1627 2388 magni
1643 2313 1724 2369 ,unp
1742 2302 1915 2371 tumultu,
1931 2323 2050 2369 rerum
2067 2293 2242 2368 humana.

204 2367 351 2454 Marma
378 2367 545 2455 veneri&
570 2368 744 2442 Mercurii
766 2373 805 2442 3¹¹
827 2372 995 2466 3⁰⁰¹Pl0s
1018 2378 1197 2467 fasiigium
1246 2428 1343 2487 rum,
1378 2415 1413 2472 et
1439 2402 1590 2471 maiores
1620 2403 1811 2472 denunciat
1833 2399 1985 2492 Eclipsis
2006 2399 2100 2470 Solis
2120 2400 2241 2470 futura

205 2468 295 2540 0⁰²¹?
333 2484 495 2557 ῑθῦθῦῑθ,
540 2471 618 2542 (¹5¹³
654 2497 791 2544 venena
819 2475 1021 2551 miscemur·
1093 2476 1197 2550 Pela·
1246 2504 1407 2595 proximo
1421 2500 1512 2576 Nov.
1528 2503 1566 2570 in
1592 2528 1660 2595 qua
1680 2505 1868 2573 incurrunt
1891 2503 1930 2571 iu
1950 2503 2113 2573 tenebras
2125 2499 2241 2585 Luna,

204 2593 284 2640 mus
309 2584 427 2641 autem
456 2596 476 2642 a
501 2569 580 2643 Deo
608 2574 866 2667 mitigationem
894 2595 1107 2668 poenarum,
1146 2593 1198 2664 et,

201 2672 314 2743 utliat
331 2672 513 2744 ardentior
535 2677 711 2765 precatio,
734 2700 851 2748 mores
872 2679 944 2749 sint
958 2681 1197 2754 modestiores.

201 2768 263 2846 24.
284 2769 465 2855 Octobris.

207 2993 453 3009 —m—

212 3147 282 3224 No.
306 3152 420 3229 4052.

205 3246 418 3291 Μ

1038 3166 1183 3237 tuost.

1016 3257 1189 3289 Μ

523 3337 588 3423 Ιὸ.
609 3337 873 3428 Matttesto.

269 3498 354 3569 Epist.
368 3503 416 3559 lib.
431 3506 469 3561 11.
486 3524 515 3577 p.
529 3507 573 3563 61.
592 3508 647 3578 (ed.
661 3509 750 3567 Lond.
764 3513 813 3568 tib.
827 3513 865 3570 ll.
883 3531 926 3585 ep.
940 3513 997 3579 83.)

396 3648 450 3723 D.
478 3649 697 3727 Iohanni
720 3656 1000 3735 Matthesio

198 3775 242 3868 S.
269 3797 311 3871 D.
370 3801 555 3874 Discamus
577 3801 756 3878 Ecclesiae
780 3810 846 3881 Dei
875 3827 979 3903 caput
1005 3828 1040 3884 et
1059 3813 1211 3886 Ducem-

198 3921 272 3968 esse
284 3900 395 3971 filium
408 3904 474 3974 Dei
488 3906 684 3977 Dominum
699 3925 861 3983 nostrum
878 3912 993 3984 lesum
1000 3912 1194 4004 Christum,

196 4023 271 4069 non
287 3999 490 4090 Pontifices,
516 4022 576 4077 aut
590 4007 717 4096 Reges,
743 4027 804 4083 aut
820 4011 1019 4106 Principes3
1046 4032 1080 4089 et
1094 4033 1192 4111 peta·

196 4125 276 4170 mus
290 4106 383 4174 bona
401 4132 481 4176 cum
497 4130 577 4199 spe,
601 4124 640 4181 ut
661 4113 735 4202 ipse
751 4111 866 4184 Filius
878 4116 944 4188 Dei
967 4141 1048 4188 suos
1073 4135 1192 4191 coetus

196 4218 312 4274 servet
324 4221 357 4277 et
374 4209 556 4293 defendat,
581 4223 621 4280 ut
642 4236 739 4282 nunc
764 4217 924 4287 videmus
935 4215 1113 4291 Ecclesiae
1135 4245 1192 4291 re-

195 4303 326 4397 liquias
343 4308 387 4376 ab
403 4308 568 4399 ipso-non
582 4306 747 4383 humanis
760 4319 943 4405 praesidiis
965 4321 1047 4410 tegi.
1099 4319 1192 4414 lpse,

195 4420 237 4475 ut
258 4408 372 4476 nubes
387 4406 601 4496 Israelilas,
626 4412 675 4483 ita
691 4438 757 4483 uos
779 4417 977 4492 obumbrat.
1031 4419 1108 4491 Hac
1129 4447 1191 4515 spe
1241 4444 1244 4448 ·

173 4515 174 4518 ’
197 4502 443 4579 inchoavimus
458 4533 580 4581 rursus
596 4515 865 4604 praelectiones,
888 4543 953 4589 nec
976 4521 1191 4608 abiiciemns,

195 4629 260 4676 nec
280 4612 496 4682 mutabimus
518 4616 714 4684 doctrinam
731 4618 936 4712 ubicunque
951 4622 1099 4709 erimus3
1126 4624 1191 4696 etsi

1246 2604 1360 2694 Mars,
1386 2603 1520 2686 Venus,
1546 2602 1758 2688 Mercurius,
1782 2617 1900 2673 tamen
1916 2626 1980 2672 nos
2000 2602 2240 2672 consolatione

1247 2707 1418 2776 divinitus
1433 2704 1559 2773 tradita
1575 2718 1820 2790 sustentemus,
1845 2719 1881 2776 et
1896 2705 2057 2784 sciamus,
2083 2700 2159 2771 Deo
2174 2724 2240 2772 nos

1247 2833 1350 2878 curae
1367 2829 1450 2878 esse.
1501 2800 1549 2874 Et
1564 2805 1650 2876 illud
1670 2805 1771 2875 Pauli
1788 2829 1889 2896 saepe
1904 2806 2112 2896 cogitemus:
2138 2798 2158 2875 ὁ
2176 2795 2240 2874 κό-

1246 2933 1314 2989 πος
1330 2903 1440 2999 ὑμῶν
1457 2902 1525 2976 οὐκ
1542 2904 1617 2976 ἔστι
1632 2901 1737 2987 κενὸς
1752 2906 1796 2979 ἐν’
1805 2905 1946 3001 Κυρίῳ.

1347 3003 1598 3079 Inchoa'vimus
1610 3031 1731 3077 rursus
1745 3032 1868 3098 operas
1881 3004 2117 3091 scholasticas,
2143 3027 2242 3099 quas,

1245 3124 1285 3181 ut
1298 3107 1397 3180 Deus
1414 3109 1573 3193 adiuvet,
1598 3121 1673 3179 toto
1687 3132 1767 3178 enm
1783 3123 1923 3200 pectore
1937 3133 2013 3182 oro.

1345 3211 1482 3282 Literas
1503 3210 1549 3278 ad
1566 3209 1681 3279 virum
1698 3203 2170 3288 Clariss.d.Cancellnrinm

1245 3312 1368 3398 mitto,
1394 3334 1498 3406 quas,
1524 3333 1673 3403 quaeso,
1697 3323 1738 3380 ut
1761 3308 1924 3383 exhibeas
1947 3313 1997 3395 ei,
2029 3325 2062 3381 et
2083 3311 2237 3378 interro-

2175 3197 2239 3301 ,,)
2306 3226 2310 3238 ,

1182 3426 1186 3432 ’
1244 3438 1322 3505 ges,
1356 3415 1441 3508 quid
1461 3413 1548 3483 velit
1562 3407 1653 3480 mihi
1671 3413 1853 3496 nunciam,
1879 3427 1914 3484 et
1928 3435 1991 3506 per
2005 3405 2101 3480 hunc
2118 3432 2237 3480 meum

1245 3516 1467 3584 tabellarium
1483 3514 1704 3602 respondeas.
1738 3510 1836 3584 Bene
1850 3516 1940 3591 vale.
1978 3514 2040 3585 20.
2056 3506 2236 3584 Octobris.

1247 3611 1361 3686 1547.

1270 3751 1272 3754 ⁴
1294 3712 1411 3783 Hodie
1433 3710 1598 3801 respondi
1614 3708 1791 3805 Episcopo
1806 3710 2071 3799 Cantuariensi,
2090 3711 2157 3819 'qui
2180 3695 2257 3780 me*

1227 3829 1229 3832 ’
1252 3855 1254 3858 >
1345 3815 1385 3884 in
1403 3807 1570 3902 Angliam
1588 3828 1702 3889 vocat.

1751 3909 1939 4006 Philippus
1960 3909 2183 3985 Melanthon.

1255 4246 1323 4321 No.
1339 4180 1452 4323 4054.

1247 4341 1459 4383 Μ
1544 4346 1549 4361 .

1567 4430 1662 4519 Nic.
1692 4429 1905 4519 Medlero.

1309 4589 1397 4645 Dana.
1413 4591 1442 4645 in
1460 4589 1529 4663 Epp.
1546 4590 1580 4646 ad
1601 4569 1718 4650 Medler.
1738 4613 1781 4666 ep.
1795 4595 1839 4648 74.
1859 4612 1890 4649 ex
1908 4592 1972 4650 cod.
1989 4593 2054 4649 Bar.
2072 4592 2095 4649 l.
2113 4612 2140 4668 p.
2156 4594 2234 4653 1⁰51.

1345 4658 1427 4714 Nunc
1438 4678 1469 4713 ex
1483 4660 1545 4715 eod.
1560 4661 1622 4717 cod.
1638 4662 1781 4734 descripta.

2087 4264 2146 4327 26.
2162 4255 2234 4322 Oct.

2097 4351 2237 4380 Μ

193 4711 375 4797 prodesset
396 4714 517 4784 doctos
540 4716 634 4785 viros
655 4717 849 4810 aliquando
863 4723 1071 4805 convenire,
1096 4727 1190 4796 etde
1274 4791 1277 4796 .

195 4810 356 4879 doctrina
385 4815 557 4908 colloqui,
595 4820 920 4891 confirmandorum
944 4824 1115 4911 aliorum,
1155 4844 1190 4899 et

192 4910 398 4981 retinendae
414 4919 621 4987 concordiae
637 4944 751 4995 causa.
802 4920 923 4992 Audio
937 4921 981 4996 V
975 4924 1100 4995 cnctiis
1114 4929 1190 4998 ioe-

192 5012 260 5082 dus
276 5038 349 5082 esse
364 5017 497 5086 factum
512 5019 604 5089 inter
613 5019 819 5092 Pontificem
827 5018 1063 5108 Romanum,
1091 5021 1190 5098 Gal.

191 5110 248 5183 los
263 5129 297 5186 et
315 5113 490 5204 Venetos,
516 5135 556 5190 ut
570 5115 762 5194 defendant
775 5124 960 5220 Synodum
973 5124 1191 5200 Bononien-

192 5311 413 5332 md·-

228 5435 254 5502 ‘)
270 5433 386 5507 ‘Eclipsis
400 5436 479 5491 lunae
494 5438 518 5494 d.
531 5437 576 5494 28.
592 5438 658 5499 Oct.
674 5449 701 5496 et
714 5443 780 5499 solis
794 5446 820 5501 d.
835 5448 874 5502 tt.
893 5449 960 5513 Nor,
976 5450 1052 5510 1547.

1365 4811 1456 4886 Dm.
1473 4813 1633 4887 Ductori
1655 4810 1864 4887 Nicoloo
1889 4811 2112 4895 Mcdlero.

1238 4946 1282 5041 S.
1308 4968 1353 5044 D.
1405 4964 1505 5037 Bona
1521 4992 1600 5037 cum
1615 4991 1675 5057 spe
1691 4991 1832 5038 oremus
1844 4964 1959 5038 Deum
1973 4983 2156 5040 aeternum
2170 4992 2234 5061 pa-

1238 5083 1328 5141 trem
1353 5071 1490 5141 domini
1512 5054 1624 5139 nost'ri
1641 5069 1669 5142 l.
1686 5067 1743 5154 (l,
1774 5083 1814 5140 ut
1829 5083 1944 5140 servet
1954 5066 2134 5139 Ecclesiae
2150 5094 2234 5142 suae

1276 5293 1306 5363 *)
1326 5291 1391 5346 Vid.
1413 5289 1530 5355 §laidem
1556 5298 1736 5345 commentar.
1765 5309 1794 5365 p.
1812 5290 1863 5344 575
1878 5309 1919 5362 sq.
1939 5310 1968 5366 p.
1982 5289 2043 5346 594.
2065 5300 2092 5346 et
2105 5287 2141 5348 ci.
2162 5291 2240 5365 epist.

1314 5360 1347 5415 ad
1366 5359 1518 5414 Medlerum
1533 5357 1562 5414 d.
1574 5359 1620 5414 26.
1634 5358 1736 5415 Octob.

1273 5444 1320 5516 *ἢ
1339 5446 1500 5501 Paeonum.
