4882 6426
685 261 957 338 iuuenes
993 259 1179 337 virsa
1213 261 1345 337 Men.
1384 238 1535 336 'issa
2082 230 2135 335 iv

96 458 101 469 ἡ
195 496 199 500 ’
288 481 469 559 „habuisses
483 500 553 540 cum
568 472 705 538 Lutbero
723 475 890 548 diversum,
916 472 1068 535 debuisses
1083 471 1160 534 illud
1180 477 1247 554 ipso
1266 470 1363 531 adhuc
1379 475 1498 532 virente
1513 472 1664 552 prolerre3
1691 494 1772 533 nunc
1788 495 1858 532 vero
1875 475 1901 534 si
1919 475 1992 557 quid
2013 475 2132 554 abipso

287 582 468 660 „diversum
484 581 630 654 docueris,
656 582 821 661 experieris
833 595 903 636 sane
916 578 1040 653 multos,
1066 577 1119 658 qui
1134 576 1190 635 tibi
1204 573 1416 637 contradicent.
1469 570 1530 648 listi
1547 569 1617 647 litia
1636 570 1751 639 bottul
1767 571 1935 649 (belbsttiua
1962 573 2046 642 ilitbc
2073 584 2134 638 urta

286 677 413 760 „imm
434 677 485 754 ld>
503 678 662 762 libilieput
688 687 804 743 uutrrm
823 672 987 755 bugeltbtr
1007 691 1078 757 aaut
1103 674 1244 758 etiaim,
1264 674 1325 738 uuo
1348 671 1397 748 liat
1419 671 1479 752 litut
1505 670 1576 747 leina
1590 697 1663 735 vene
1678 676 1822 735 bifurcata
1837 692 1875 737 en
1893 674 1942 739 bu
1958 673 2051 759 <butu
2068 675 2133 751 aui,

287 783 533 866 „quodetgnum
554 793 617 842 erat
639 782 786 840 commori
806 780 917 855 citimi,
944 778 1059 839 uenter
1081 771 1132 864 id>
1151 773 1241 858 iulis
1260 788 1317 839 ceu
1338 771 1397 854 litu
1414 773 1472 851 ab,
1495 774 1554 838 urst
1576 778 1670 840 croese
1690 788 1789 838 uerter
1808 776 1868 840 irin
1883 773 1973 842 aaut
1991 774 2042 838 uit
2059 773 2131 853 ibin,

285 883 438 962 ‚,louteru
458 898 508 963 tog
524 879 593 955 loct.
647 877 701 948 Do
719 896 778 945 uun
796 870 955 958 llblltbaut
977 873 1103 950 titium!
1124 879 1193 954 uod
1210 874 1394 951 lblttrubttq
1419 872 1504 947 brut,
1530 875 1589 938 unt
1609 873 1658 946 uo
1676 875 1792 944 Ductor
1811 875 1909 938 Maior
1932 880 2001 944 uad>
2020 875 2131 949 bitrtu

286 983 391 1065 „burg
409 980 533 1063 tegetur
552 978 652 1062 bertr,
678 978 800 1062 attrigte
816 976 867 1058 ico
882 977 995 1061 pertua
1011 974 1117 1060 bieria
1133 969 1168 1066 *)
1191 993 1280 1058 gagen
1302 973 1344 1040 tle
1359 973 1520 1054 Aritium
1537 973 1609 1040 oller
1628 975 1726 1054 vingt
1745 993 1799 1056 aar
1815 977 1941 1056 ustaig,
1967 990 1996 1037 et
2011 999 2061 1038 eos
2076 980 2131 1038 do-

285 1087 464 1164 ‚,mnlcabat
478 1084 669 1160 muneribus,
697 1077 870 1161 betilium
892 1075 948 1142 elle
964 1076 1072 1143 enarr
1088 1095 1145 1157 cu,
1166 1081 1225 1142 uno
1243 1074 1375 1156 artabus
1394 1073 1430 1153 le
1453 1074 1505 1140 urit
1520 1074 1709 1149 beluarum.
1762 1077 1851 1143 lictu
1868 1080 1977 1143 cutem
1996 1077 2131 1157 otttlptat

284 1201 344 1265 „er
360 1183 400 1248 D.
423 1181 631 1268 brumam
655 1179 714 1247 aab
730 1179 830 1265 bactu
849 1176 1035 1263 ilbiltppo
1064 1177 1155 1244 alneu
1172 1176 1252 1260 jetra
1274 1178 1334 1242 elur
1348 1178 1509 1252 tammum
1524 1170 1720 1262 bructeris,
1746 1177 1800 1244 retr
1817 1196 1886 1244 uest
1902 1183 1934 1242 at
1949 1195 1976 1242 tu
1995 1176 2129 1258 &amiur

283 1296 437 1366 „crunam
463 1282 553 1351 uoltu
571 1280 691 1363 iaciat.
719 1278 944 1356 arbitritum
959 1278 1015 1347 olla
1032 1277 1308 1347 buetrenmaloeu
1325 1281 1382 1343 ano
1399 1275 1536 1354 otricum.
1587 1270 1953 1370 ptrtourussihetum
1976 1278 2129 1362 bullica
2234 1288 2239 1301 ’

283 1391 384 1467 ..tas
411 1384 491 1451 riuru
506 1384 614 1468 graleu
629 1378 728 1467 flaici
743 1385 802 1448 uuo
818 1379 947 1460 bulrbrn
963 1380 1007 1447 bri
1022 1376 1097 1446 olleo
1113 1379 1271 1461 &citium
1293 1397 1326 1462 tu
1340 1378 1554 1461 terrarubea„
1583 1378 1640 1458 toi
1662 1378 1697 1462 tie
1711 1380 1839 1448 teritio·
1864 1382 1945 1466 tutet
1970 1383 2064 1448 ittam
2080 1398 2130 1466 gu

283 1485 652 1571 ..teneraetenerae
669 1482 827 1565 eiertiuqt
844 1481 1026 1562 arrangenst

141 1600 200 1664 2⁵.
233 1592 428 1683 bieleutlrcn,
453 1624 523 1664 cum
537 1600 734 1683 Bugenbagic
758 1612 788 1662 et
809 1596 990 1680 crucigero,
1016 1598 1215 1679 proficiscitur
1227 1597 1461 1680 Wittebergaru.

141 1721 201 1783 26·
232 1718 285 1782 Est
301 1719 350 1783 W
351 1722 528 1801 ittebergae,
553 1720 766 1779 deliberaturus
780 1717 817 1777 de
831 1716 996 1821 academiae
1009 1716 1119 1776 tabulis
1134 1719 1217 1777 velut
1231 1739 1248 1776 e
1261 1716 1418 1797 nauiiagIc
1433 1715 1621 1797 colligendis.

140 1838 199 1898 31.
232 1835 393 1900 Mauritius
408 1834 484 1898 Dux
498 1849 542 1899 est
553 1833 762 1941 Wittebergae
777 1845 808 1895 et
824 1833 950 1895 declarat
963 1853 995 1894 se
1010 1830 1191 1894 academiam
1205 1853 1268 1894 non
1281 1836 1381 1895 solum
1396 1846 1591 1911 sanaturum,
1607 1832 1658 1895 sed
1674 1837 1765 1894 etiam
1780 1846 1938 1896 aucturum
1952 1853 2025 1896 esse.

116 1946 201 2115 Aulg.
232 2040 306 2105 Mel.
322 2053 445 2103 vocatus
459 2050 521 2099 erat
536 2040 569 2099 in
582 2034 720 2099 Daciam.
745 2067 797 2083 —
847 2031 1031 2098 Dialecticen
1047 2039 1164 2098 retexit.
1190 2067 1240 2082 —-
1290 2031 1507 2099 Adulescentes
1525 2038 1620 2120 aliqui
1636 2041 1737 2118 ipsum
1752 2051 1823 2098 suut
1837 2039 1950 2115 secuti,
1975 2057 2052 2120 quos
2068 2037 2127 2094 iam

283 2143 389 2219 docet,
412 2146 581 2222 intorques
598 2143 686 2200 etlam
703 2137 954 2200 Bartholomaeus
969 2133 1121 2217 Lucanus,
1141 2134 1335 2219 cygnaeusis.
1385 2136 1475 2216 (Vid.
1489 2161 1539 2220 ep.
1556 2140 1586 2199 d.
1606 2145 1664 2206 26.
1679 2137 1783 2220 Aug.)

144 2272 199 2333 10,
233 2256 369 2340 Exponit
382 2255 591 2336 Meienburgio
605 2259 751 2334 rationes,
776 2275 828 2314 cur
841 2253 1065 2336 Wittebergam
1078 2254 1211 2320 redierit.
1234 2285 1288 2300 —
1335 2251 1494 2317 Mauritius
1511 2252 1601 2332 Dux,
1625 2276 1706 2316 nunc
1718 2253 1850 2331 Elector,
1875 2259 1907 2316 iu
1922 2275 2040 2316 summo
2055 2253 2126 2313 odio

282 2371 346 2421 erat
357 2358 438 2440 apud
452 2352 581 2419 Lutberi
597 2361 737 2420 cultores.
787 2353 830 2416 Hi
851 2356 914 2418 fere
928 2378 1032 2418 omues
1049 2361 1221 2438 gravissime
1236 2356 1490 2438 reprehendebant
1504 2355 1748 2434 bielanthonem,
1772 2358 1854 2441 quod
1872 2353 1973 2417 lenam
1989 2375 2050 2416 uon
2065 2360 2128 2415 nri·

284 2463 411 2543 gravarit
424 2460 477 2521 sed
490 2457 714 2540 Wittabergam
729 2456 859 2518 redierit.
910 2455 1076 2535 Putabant,
1102 2479 1172 2518 eum
1185 2478 1266 2518 nuuc
1280 2479 1349 2518 cum
1363 2455 1507 2521 Mauritic
1528 2471 1604 2519 stare
1629 2479 1646 2518 a
1663 2460 1800 2538 partibus
1816 2457 1948 2522 Caesaris
1964 2470 1993 2517 et
2013 2458 2126 2518 doctri-

283 2584 353 2624 nam
370 2557 501 2623 Lutberi
514 2574 653 2621 mutasse.
704 2557 811 2621 Multis
825 2563 918 2639 igitur
933 2564 1100 2621 amicorum
1113 2580 1238 2621 auorum
1253 2556 1428 2621 Melanthon
1443 2562 1544 2621 scribit
1559 2581 1661 2621 causas
1676 2565 1795 2621 consilii
1808 2560 1867 2623 hoc
1882 2574 2029 2642 tempore,
2053 2580 2081 2624 e.
2098 2580 2126 2639 g.

283 2662 417 2748 Aquilae
432 2663 461 2725 d.
480 2667 536 2728 29.
553 2659 654 2744 Aug,
680 2658 808 2743 Stigelio
825 2660 856 2725 d.
874 2665 934 2728 18.
951 2658 1043 2740 Oct,
1067 2657 1237 2723 Cameraric
1254 2661 1283 2720 d.
1301 2661 1358 2728 24.
1374 2658 1452 2723 Noe.

144 2800 198 2860 12.
234 2777 437 2842 Proficiscitur
452 2799 521 2840 curu
537 2774 636 2838 Ebero
650 2775 795 2840 Dresdam
817 2777 854 2836 de
875 2779 1031 2858 stipendiis
1047 2773 1228 2853 Academiae
1244 2776 1458 2838 deliberaturus
1480 2798 1549 2838 cum
1566 2775 1826 2856 Cummerstadio,
1857 2775 2055 2842 cancellario.
2076 2807 2127 2820 --

281 2880 414 2944 Miseuae
432 2883 564 2960 primum
579 2879 655 2939 vidit
670 2875 834 2959 Georgium
851 2876 1033 2941 Fabricium.
1058 2914 1107 2929 -
1138 2883 1140 2888 '
1159 2875 1208 2939 De
1224 2881 1278 2938 illo
1301 2882 1407 2938 itinere
1424 2874 1571 2959 Georgius
1585 2879 1754 2958 Fabricius,
1774 2877 1886 2942 Rector
1904 2876 2034 2940 Scholae
2048 2874 2126 2938 illia-

280 2989 381 3046 nensis
400 2984 502 3044 scribit
517 2980 556 3041 ad
569 2977 741 3041 llleurerum
756 2981 785 3047 d.
804 2986 865 3046 22·
880 2976 965 3061 Aug.
987 2978 1112 3047 lala:
1141 2975 1230 3057 „iter
1246 2979 1305 3040 buc
1321 2976 1595 3058 i‘ecitl'bil.li1el.,
1621 3003 1689 3041 cum
1707 3002 1768 3065 quo
1784 2985 1883 3044 varios
1896 2993 1927 3042 et
1946 2980 2030 3040 valde
2047 2983 2127 3039 ami-

282 3107 363 3165 „cos
376 3104 528 3145 sermones
542 3081 701 3144 babuimus
712 3103 722 3143 r
735 3084 856 3163 ‘quibus
869 3082 922 3140 iile
936 3082 1069 3163 uersibus
1085 3079 1144 3140 boc
1160 3080 1356 3162 oppidumac
1370 3093 1464 3143 tutam
1479 3086 1582 3162 potius
1591 3094 1717 3162 gentem
1733 3088 1865 3160 ornarit,
1891 3085 1969 3163 leges
1985 3081 2022 3141 ad
2037 3083 2127 3141 imam

282 3191 471 3266 „itinerum
497 3183 651 3266 quomodo
673 3204 729 3245 nos
744 3204 813 3244 aum
828 3185 1028 3265 acceperimus
1049 3194 1117 3262 pete
1132 3202 1150 3241 a
1163 3179 1280 3243 Blasio.
1330 3177 1378 3244 Da
1399 3182 1501 3244 ecbola
1518 3181 1756 3266 Wittebergensi
1773 3185 1962 3246 instauranda
1980 3187 2126 3264 optimam

281 3311 343 3369 „ae
361 3309 446 3368 spem
467 3286 576 3347 babere
589 3285 767 3362 affirmavit,
793 3283 830 3344 de
847 3303 905 3367 qua
923 3281 1072 3346 calcariae
1091 3270 1185 3372 [villa
1200 3280 1393 3363 Kalkrautb,
1420 3306 1515 3366 prope
1532 3266 1691 3368 Haynam,
1717 3307 1794 3370 quae
1808 3300 1875 3349 tum
1889 3288 1950 3348 l'uit
1965 3283 2124 3346 Cummer·
2168 3342 2170 3348 .

280 3378 390 3479 stadii]
414 3384 484 3465 ‚,D.
500 3385 770 3450 Cummerstadium
786 3382 955 3448 convenit.”
1005 3381 1111 3464 (Edita
1122 3396 1166 3447 est
1182 3389 1271 3469 epist.
1285 3389 1317 3445 in
1331 3406 1432 3467 progr.
1448 3383 1560 3448 Nobbii
1580 3408 1612 3469 p.
1633 3386 1707 3467 16.)

139 3513 196 3576 20.
229 3504 301 3570 Mel.
315 3511 426 3569 iterum
439 3517 483 3567 est
496 3501 714 3584 Wittebergae.
742 3538 791 3553 -
841 3497 956 3595 Adhuc
970 3502 1148 3564 deliberatur
1162 3503 1199 3565 de
1214 3503 1360 3565 reditibus
1375 3500 1569 3566 Academiae.

139 3628 196 3691 27.
230 3622 325 3686 Mittit
338 3621 493 3686 Psalmum
507 3623 808 3703 quinquagesimum,
833 3623 963 3681 carmina
980 3619 1141 3682 redditum.
1163 3651 1215 3667 —
1264 3615 1429 3681 Dialectica
1441 3623 1603 3684 recuditur.

138 3747 196 3808 31.
229 3739 365 3804 Advenit
386 3740 501 3799 coniux
513 3733 736 3811 Illeleutbcuis‚
762 3734 815 3795 sed
834 3754 909 3796 mox
925 3731 1109 3797 Nortbusam
1125 3733 1235 3814 rediit,
1259 3737 1313 3797 ubi
1336 3736 1505 3798 versabatur
1520 3731 1723 3798 iilelantbonis
1744 3735 1880 3813 familia,
1906 3749 2033 3817 excepto
2049 3739 2124 3816 filio,

280 3862 372 3926 quem
386 3859 489 3903 secum
500 3838 627 3900 duxerat
639 3836 873 3918 Wittabergam.

108 3938 195 4110 sepi:
228 4040 407 4108 Dialectices
422 4064 533 4106 novam
548 4041 713 4106 editionem
726 4040 806 4104 dicat
818 4034 926 4102 Ioanni
939 4032 1128 4118 camerario,
1152 4031 1301 4102 loacblmi
1316 4040 1393 4105 lilio.
1417 4073 1468 4090 —
1520 4035 1705 4106 Camerarius
1720 4041 1844 4107 adornat
1860 4064 1995 4127 graecam
2008 4049 2124 4110 verrio.

278 4168 350 4209 nem
363 4144 561 4229 Augusteum
578 4144 784 4207 confessionis.
808 4173 862 4190 -
908 4135 1037 4221 Initium
1049 4156 1214 4204 conventus
1227 4137 1411 4223 Augustani.

161 4266 194 4327 2.
228 4262 392 4325 Theodoro
407 4265 526 4341 scribit,
549 4261 703 4347 quemodo
718 4261 911 4323 concionator
925 4260 1106 4322 iniustitiam
1119 4263 1230 4321 summi
1243 4262 1431 4341 magistratus
1447 4269 1549 4320 taxare
1566 4257 1681 4329 debeat.

161 4379 194 4442 5·
226 4378 411 4461 Expectatur
422 4375 558 4441 Mauritii
575 4377 778 4442 decretumde
791 4373 964 4440 Academia.
989 4412 1040 4430 -
1090 4373 1268 4441 Melantbon
1281 4372 1413 4459 Georglo
1428 4371 1597 4439 Anbaltino
1612 4382 1772 4443 conscribit
1787 4381 1947 4461 epistolam
1964 4381 2001 4442 ad
2024 4376 2123 4444 Grau·

275 4485 428 4544 aelianum
442 4481 629 4543 mittendam.
1090 4498 1092 4503 ·

158 4598 193 4661 9.
225 4594 358 4682 Aliquot
372 4598 436 4660 diss
450 4610 495 4661 est
510 4598 592 4680 apud
606 4595 778 4678 Principem
791 4588 968 4655 Ascanium.

134 4713 192 4783 aa..
226 4711 299 4777 Mel.
319 4713 357 4775 ad
370 4711 530 4777 Alesiam:
556 4710 700 4795 „Scripsi
715 4716 749 4773 iu
760 4710 808 4772 bis
823 4702 981 4771 itineribus
996 4709 1114 4772 aestivis
1128 4721 1270 4793 tanquam
1289 4714 1404 4773 tabulas
1419 4717 1606 4792 tastamenti,
1631 4716 1788 4798 inquibus
1812 4719 1911 4799 palam
1932 4716 1970 4780 de
1986 4723 2124 4784 omnibus

275 4820 484 4878 controversiis
497 4815 673 4901 narro'quid
688 4816 833 4891 santiam,
859 4825 889 4874 et
905 4813 1065 4875 obscurius.
1072 4813 1185 4872 alicubi
1199 4812 1277 4874 dicta
1291 4810 1439 4896 explicc.”

131 4929 190 4993 18.
223 4929 353 4996 Sabinus
367 4934 458 4994 estin
480 4914 586 4994 itinere
600 4930 640 4994 ad
653 4929 880 4994 Melantbonem
896 4950 966 4991 cum
981 4929 1119 4996 omnibus
1140 4929 1252 4992 liberis.
1279 4961 1331 4977 -
1380 4927 1503 5013 Accipit
1521 4937 1682 5011 nuntium,
1706 4954 1834 4997 uxorem
1854 4921 1939 4999 auam
1954 4934 2123 5000 Northusae
2160 4970 2169 4985 κ

273 5038 446 5115 gravissime
461 5045 626 5114 aegrotare.
674 5029 726 5097 Ex
738 5053 895 5111 moerore,
920 5042 1065 5111 concepto
1080 5052 1120 5092 ex
1133 5034 1248 5114 iniquis
1260 5033 1380 5095 iudiciis
1394 5035 1430 5095 de
1452 5057 1483 5097 se
1499 5035 1633 5120 undique
1654 5037 1781 5117 sparsis,
1802 5040 1903 5102 animo
1919 5043 2015 5121 magis
2032 5059 2122 5121 quarn

272 5156 398 5217 corpore
411 5136 573 5197 laborabat.

202 5420 210 5492 Ι
255 5427 284 5496 0)
302 5425 328 5482 ls
346 5425 400 5482 init
417 5425 444 5483 d.
461 5424 505 5481 81.
523 5425 575 5482 lul.
593 5423 672 5483 1517.
683 5422 886 5495 Wittabargae.
957 5464 961 5468 -
