<?xml version="1.0" encoding="UTF-8"?>
<!DOCTYPE html PUBLIC "-//W3C//DTD XHTML 1.0 Transitional//EN"
    "http://www.w3.org/TR/xhtml1/DTD/xhtml1-transitional.dtd">
<html xmlns="http://www.w3.org/1999/xhtml" xml:lang="en" lang="en">
 <head>
  <title>
</title>
<meta http-equiv="Content-Type" content="text/html;charset=utf-8" />
  <meta name='ocr-system' content='tesseract 3.04.00' />
  <meta name='ocr-capabilities' content='ocr_page ocr_carea ocr_par ocr_line ocrx_word'/>
</head>
<body>
  <div class='ocr_page' id='page_1' title='image "./philippimelanth01melagoog/philippimelanth01melagoog_0408.png"; bbox 0 0 4882 6426; ppageno 0'>
   <div class='ocr_carea' id='block_1_1' title="bbox 769 256 1642 381">
    <p class='ocr_par' dir='ltr' id='par_1_1' title="bbox 769 256 1642 381">
     <span class='ocr_line' id='line_1_1' title="bbox 769 256 1642 381; baseline 0.006 -5"><span class='ocrx_word' id='word_1_1' title='bbox 769 295 1208 376; x_wconf 82' lang='lat' dir='ltr'><strong>nersronanuu</strong></span> <span class='ocrx_word' id='word_1_2' title='bbox 1255 297 1364 381; x_wconf 83' lang='lat' dir='ltr'><strong>mn.</strong></span> <span class='ocrx_word' id='word_1_3' title='bbox 1391 299 1456 378; x_wconf 80' lang='lat' dir='ltr'><strong>xa.</strong></span> <span class='ocrx_word' id='word_1_4' title='bbox 1497 256 1642 380; x_wconf 63' lang='lat' dir='ltr'><strong>&#39;esea</strong></span> 
     </span>
    </p>
   </div>
   <div class='ocr_carea' id='block_1_2' title="bbox 185 239 2247 413">
    <p class='ocr_par' dir='ltr' id='par_1_2' title="bbox 185 239 2247 413">
     <span class='ocr_line' id='line_1_2' title="bbox 185 239 2247 413; baseline -0.006 -32"><span class='ocrx_word' id='word_1_5' title='bbox 185 314 273 413; x_wconf 68' lang='lat' dir='ltr'><strong>‚rsa</strong></span> <span class='ocrx_word' id='word_1_6' title='bbox 389 239 400 255; x_wconf 48' lang='grc'><em>’</em></span> <span class='ocrx_word' id='word_1_7' title='bbox 2167 296 2247 370; x_wconf 79' lang='lat' dir='ltr'><strong>rsa</strong></span> 
     </span>
    </p>
   </div>
   <div class='ocr_carea' id='block_1_3' title="bbox 204 465 2247 982">
    <p class='ocr_par' dir='ltr' id='par_1_3' title="bbox 204 465 2247 982">
     <span class='ocr_line' id='line_1_3' title="bbox 207 465 2246 577; baseline -0.009 -19"><span class='ocrx_word' id='word_1_8' title='bbox 207 485 360 577; x_wconf 89' lang='lat' dir='ltr'><strong>Propter</strong></span> <span class='ocrx_word' id='word_1_9' title='bbox 375 504 506 551; x_wconf 91' lang='lat' dir='ltr'><strong>nomen</strong></span> <span class='ocrx_word' id='word_1_10' title='bbox 519 500 651 562; x_wconf 90' lang='lat' dir='ltr'><strong>meum,</strong></span> <span class='ocrx_word' id='word_1_11' title='bbox 675 473 811 564; x_wconf 90' lang='lat' dir='ltr'><strong>inquit,</strong></span> <span class='ocrx_word' id='word_1_12' title='bbox 836 471 1026 543; x_wconf 84' lang='lat' dir='ltr'><strong>removebo</strong></span> <span class='ocrx_word' id='word_1_13' title='bbox 1040 469 1197 540; x_wconf 85' lang='lat' dir='ltr'><strong>furorem</strong></span> <span class='ocrx_word' id='word_1_14' title='bbox 1248 487 1352 567; x_wconf 89' lang='lat' dir='ltr'><strong>teque</strong></span> <span class='ocrx_word' id='word_1_15' title='bbox 1366 498 1448 556; x_wconf 90' lang='lat' dir='ltr'><strong>oro,</strong></span> <span class='ocrx_word' id='word_1_16' title='bbox 1471 486 1512 545; x_wconf 87' lang='lat' dir='ltr'><strong>ut</strong></span> <span class='ocrx_word' id='word_1_17' title='bbox 1530 475 1573 542; x_wconf 90' lang='lat' dir='ltr'><strong>ad</strong></span> <span class='ocrx_word' id='word_1_18' title='bbox 1591 496 1646 541; x_wconf 89' lang='lat' dir='ltr'><strong>me</strong></span> <span class='ocrx_word' id='word_1_19' title='bbox 1663 469 1841 542; x_wconf 90' lang='lat' dir='ltr'><strong>interdum</strong></span> <span class='ocrx_word' id='word_1_20' title='bbox 1859 471 2003 543; x_wconf 78' lang='lat' dir='ltr'><strong>scribas.</strong></span> <span class='ocrx_word' id='word_1_21' title='bbox 2040 465 2246 541; x_wconf 76' lang='lat' dir='ltr'><strong>Consilium</strong></span> 
     </span>
     <span class='ocr_line' id='line_1_4' title="bbox 204 567 2244 674; baseline -0.005 -23"><span class='ocrx_word' id='word_1_22' title='bbox 204 608 339 658; x_wconf 85' lang='lat' dir='ltr'><strong>meum:</strong></span> <span class='ocrx_word' id='word_1_23' title='bbox 365 594 511 674; x_wconf 91' lang='lat' dir='ltr'><strong>propter</strong></span> <span class='ocrx_word' id='word_1_24' title='bbox 534 602 612 663; x_wconf 89' lang='lat' dir='ltr'><strong>me,</strong></span> <span class='ocrx_word' id='word_1_25' title='bbox 640 589 784 668; x_wconf 83' lang='lat' dir='ltr'><strong>propter</strong></span> <span class='ocrx_word' id='word_1_26' title='bbox 805 598 862 642; x_wconf 90' lang='lat' dir='ltr'><strong>me</strong></span> <span class='ocrx_word' id='word_1_27' title='bbox 886 571 1029 652; x_wconf 78' lang='lat' dir='ltr'><strong>farciam,</strong></span> <span class='ocrx_word' id='word_1_28' title='bbox 1055 595 1100 639; x_wconf 90' lang='lat' dir='ltr'><strong>ne</strong></span> <span class='ocrx_word' id='word_1_29' title='bbox 1121 595 1197 640; x_wconf 89' lang='lat' dir='ltr'><strong>mea</strong></span> <span class='ocrx_word' id='word_1_30' title='bbox 1249 577 1291 644; x_wconf 91' lang='lat' dir='ltr'><strong>de</strong></span> <span class='ocrx_word' id='word_1_31' title='bbox 1312 569 1446 644; x_wconf 77' lang='lat' dir='ltr'><strong>Fastis</strong></span> <span class='ocrx_word' id='word_1_32' title='bbox 1479 567 1682 643; x_wconf 79' lang='lat' dir='ltr'><em>scribendis</em></span> <span class='ocrx_word' id='word_1_33' title='bbox 1711 571 1861 664; x_wconf 90' lang='lat' dir='ltr'><strong>optarim</strong></span> <span class='ocrx_word' id='word_1_34' title='bbox 1897 585 1932 641; x_wconf 86' lang='lat' dir='ltr'><strong>te</strong></span> <span class='ocrx_word' id='word_1_35' title='bbox 1966 595 2038 639; x_wconf 88' lang='lat' dir='ltr'><strong>non</strong></span> <span class='ocrx_word' id='word_1_36' title='bbox 2069 572 2244 642; x_wconf 86' lang='lat' dir='ltr'><strong>abiicere:</strong></span> 
     </span>
     <span class='ocr_line' id='line_1_5' title="bbox 204 669 2246 780; baseline -0.007 -23"><span class='ocrx_word' id='word_1_37' title='bbox 204 687 315 780; x_wconf 87' lang='lat' dir='ltr'><strong>gloria</strong></span> <span class='ocrx_word' id='word_1_38' title='bbox 331 678 560 775; x_wconf 87' lang='lat' dir='ltr'><strong>blasphemiis</strong></span> <span class='ocrx_word' id='word_1_39' title='bbox 575 680 758 748; x_wconf 79' lang='lat' dir='ltr'><strong>obruatur.</strong></span> <span class='ocrx_word' id='word_1_40' title='bbox 809 671 911 743; x_wconf 89' lang='lat' dir='ltr'><strong>Hanc</strong></span> <span class='ocrx_word' id='word_1_41' title='bbox 928 672 1197 765; x_wconf 84' lang='lat' dir='ltr'><strong>promissionem</strong></span> <span class='ocrx_word' id='word_1_42' title='bbox 1249 701 1331 745; x_wconf 84' lang='lat' dir='ltr'><strong>narn</strong></span> <span class='ocrx_word' id='word_1_43' title='bbox 1348 690 1384 746; x_wconf 90' lang='lat' dir='ltr'><strong>ct</strong></span> <span class='ocrx_word' id='word_1_44' title='bbox 1397 673 1575 744; x_wconf 80' lang='lat' dir='ltr'><strong>Ecclesiae</strong></span> <span class='ocrx_word' id='word_1_45' title='bbox 1594 672 1677 758; x_wconf 86' lang='lat' dir='ltr'><strong>Dei,</strong></span> <span class='ocrx_word' id='word_1_46' title='bbox 1702 686 1736 742; x_wconf 89' lang='lat' dir='ltr'><strong>et</strong></span> <span class='ocrx_word' id='word_1_47' title='bbox 1753 669 1965 741; x_wconf 85' lang='lat' dir='ltr'><strong>Germaniae</strong></span> <span class='ocrx_word' id='word_1_48' title='bbox 1984 672 2183 757; x_wconf 86' lang='lat' dir='ltr'><strong>universae,</strong></span> <span class='ocrx_word' id='word_1_49' title='bbox 2207 685 2246 742; x_wconf 89' lang='lat' dir='ltr'><strong>et</strong></span> 
     </span>
     <span class='ocr_line' id='line_1_6' title="bbox 205 771 2246 872; baseline -0.007 -14"><span class='ocrx_word' id='word_1_50' title='bbox 205 803 240 859; x_wconf 87' lang='lat' dir='ltr'><strong>et</strong></span> <span class='ocrx_word' id='word_1_51' title='bbox 254 786 387 857; x_wconf 80' lang='lat' dir='ltr'><strong>similes</strong></span> <span class='ocrx_word' id='word_1_52' title='bbox 409 782 594 872; x_wconf 87' lang='lat' dir='ltr'><strong>infigamus</strong></span> <span class='ocrx_word' id='word_1_53' title='bbox 615 771 763 860; x_wconf 77' lang='lat' dir='ltr'><strong>animis,</strong></span> <span class='ocrx_word' id='word_1_54' title='bbox 796 798 922 867; x_wconf 89' lang='lat' dir='ltr'><strong>easque</strong></span> <span class='ocrx_word' id='word_1_55' title='bbox 945 774 989 842; x_wconf 94' lang='lat' dir='ltr'><strong>ad</strong></span> <span class='ocrx_word' id='word_1_56' title='bbox 1016 796 1081 841; x_wconf 90' lang='lat' dir='ltr'><strong>nos</strong></span> <span class='ocrx_word' id='word_1_57' title='bbox 1104 773 1199 865; x_wconf 90' lang='lat' dir='ltr'><strong>ipsos</strong></span> <span class='ocrx_word' id='word_1_58' title='bbox 1249 778 1333 862; x_wconf 89' lang='lat' dir='ltr'><strong>tihi,</strong></span> <span class='ocrx_word' id='word_1_59' title='bbox 1357 800 1485 866; x_wconf 87' lang='lat' dir='ltr'><strong>magno</strong></span> <span class='ocrx_word' id='word_1_60' title='bbox 1499 789 1710 845; x_wconf 90' lang='lat' dir='ltr'><strong>ornamento</strong></span> <span class='ocrx_word' id='word_1_61' title='bbox 1728 773 1795 844; x_wconf 85' lang='lat' dir='ltr'><strong>erit</strong></span> <span class='ocrx_word' id='word_1_62' title='bbox 1808 774 1844 842; x_wconf 91' lang='lat' dir='ltr'><strong>id</strong></span> <span class='ocrx_word' id='word_1_63' title='bbox 1863 796 1967 865; x_wconf 90' lang='lat' dir='ltr'><strong>opus;</strong></span> <span class='ocrx_word' id='word_1_64' title='bbox 1995 796 2035 842; x_wconf 89' lang='lat' dir='ltr'><strong>ae</strong></span> <span class='ocrx_word' id='word_1_65' title='bbox 2056 773 2086 842; x_wconf 86' lang='lat' dir='ltr'><strong>si</strong></span> <span class='ocrx_word' id='word_1_66' title='bbox 2107 797 2246 865; x_wconf 81' lang='lat' dir='ltr'><strong>perges,</strong></span> 
     </span>
     <span class='ocr_line' id='line_1_7' title="bbox 205 873 2247 982; baseline -0.007 -23"><span class='ocrx_word' id='word_1_67' title='bbox 205 888 381 982; x_wconf 90' lang='lat' dir='ltr'><strong>pertinere</strong></span> <span class='ocrx_word' id='word_1_68' title='bbox 402 884 551 954; x_wconf 87' lang='lat' dir='ltr'><strong>sciamus</strong></span> <span class='ocrx_word' id='word_1_69' title='bbox 574 878 763 967; x_wconf 73' lang='lat' dir='ltr'><strong>tantisper,</strong></span> <span class='ocrx_word' id='word_1_70' title='bbox 788 877 900 945; x_wconf 89' lang='lat' dir='ltr'><strong>donec</strong></span> <span class='ocrx_word' id='word_1_71' title='bbox 915 874 983 966; x_wconf 92' lang='lat' dir='ltr'><strong>ipsi</strong></span> <span class='ocrx_word' id='word_1_72' title='bbox 1003 874 1117 943; x_wconf 92' lang='lat' dir='ltr'><strong>studia</strong></span> <span class='ocrx_word' id='word_1_73' title='bbox 1140 897 1199 942; x_wconf 82' lang='lat' dir='ltr'><strong>ve·</strong></span> <span class='ocrx_word' id='word_1_74' title='bbox 1248 879 1411 949; x_wconf 86' lang='lat' dir='ltr'><strong>anostris</strong></span> <span class='ocrx_word' id='word_1_75' title='bbox 1425 876 1545 946; x_wconf 89' lang='lat' dir='ltr'><strong>amieis</strong></span> <span class='ocrx_word' id='word_1_76' title='bbox 1560 891 1658 946; x_wconf 89' lang='lat' dir='ltr'><strong>ortus</strong></span> <span class='ocrx_word' id='word_1_77' title='bbox 1673 888 1708 945; x_wconf 87' lang='lat' dir='ltr'><strong>et</strong></span> <span class='ocrx_word' id='word_1_78' title='bbox 1723 898 1864 945; x_wconf 84' lang='lat' dir='ltr'><strong>occasus</strong></span> <span class='ocrx_word' id='word_1_79' title='bbox 1885 873 2041 943; x_wconf 88' lang='lat' dir='ltr'><strong>siderum</strong></span> <span class='ocrx_word' id='word_1_80' title='bbox 2064 875 2247 964; x_wconf 82' lang='lat' dir='ltr'><strong>flagitabo.</strong></span> 
     </span>
    </p>
   </div>
   <div class='ocr_carea' id='block_1_4' title="bbox 207 975 2249 1097">
    <p class='ocr_par' dir='ltr' id='par_1_4' title="bbox 207 975 2249 1097">
     <span class='ocr_line' id='line_1_8' title="bbox 207 975 2249 1097; baseline -0.018 -37"><span class='ocrx_word' id='word_1_81' title='bbox 207 1014 267 1060; x_wconf 90' lang='lat' dir='ltr'><strong>rae</strong></span> <span class='ocrx_word' id='word_1_82' title='bbox 282 986 462 1058; x_wconf 89' lang='lat' dir='ltr'><strong>doctrinae</strong></span> <span class='ocrx_word' id='word_1_83' title='bbox 477 980 627 1050; x_wconf 84' lang='lat' dir='ltr'><strong>modesti</strong></span> <span class='ocrx_word' id='word_1_84' title='bbox 651 977 819 1062; x_wconf 90' lang='lat' dir='ltr'><strong>colimus,</strong></span> <span class='ocrx_word' id='word_1_85' title='bbox 844 989 880 1045; x_wconf 88' lang='lat' dir='ltr'><strong>et</strong></span> <span class='ocrx_word' id='word_1_86' title='bbox 899 998 981 1043; x_wconf 89' lang='lat' dir='ltr'><strong>vera</strong></span> <span class='ocrx_word' id='word_1_87' title='bbox 1005 975 1200 1047; x_wconf 88' lang='lat' dir='ltr'><strong>invocatio·</strong></span> <span class='ocrx_word' id='word_1_88' title='bbox 1351 1008 1406 1080; x_wconf 69' lang='lat' dir='ltr'><strong>Eo</strong></span> <span class='ocrx_word' id='word_1_89' title='bbox 1428 1023 1544 1078; x_wconf 57' lang='lat' dir='ltr'><strong>autem</strong></span> <span class='ocrx_word' id='word_1_90' title='bbox 1565 1007 1735 1078; x_wconf 49' lang='lat' dir='ltr'><strong>libentius</strong></span> <span class='ocrx_word' id='word_1_91' title='bbox 1761 1003 1927 1077; x_wconf 56' lang='lat' dir='ltr'><strong>inchoato</strong></span> <span class='ocrx_word' id='word_1_92' title='bbox 1950 1008 2049 1097; x_wconf 60' lang='lat' dir='ltr'><strong>operi</strong></span> <span class='ocrx_word' id='word_1_93' title='bbox 2074 1008 2249 1076; x_wconf 49' lang='lat' dir='ltr'>immm-</span> 
     </span>
    </p>
   </div>
   <div class='ocr_carea' id='block_1_5' title="bbox 105 1083 2251 1504">
    <p class='ocr_par' dir='ltr' id='par_1_5' title="bbox 105 1083 2251 1504">
     <span class='ocr_line' id='line_1_9' title="bbox 207 1083 2251 1203; baseline -0.009 -6"><span class='ocrx_word' id='word_1_94' title='bbox 207 1116 269 1174; x_wconf 55' lang='grc' dir='ltr'><strong>Μ’</strong></span> <span class='ocrx_word' id='word_1_95' title='bbox 295 1083 590 1203; x_wconf 52' lang='grc' dir='ltr'><strong>νοήδβθωὶῑὶιῖῃδ</strong></span> <span class='ocrx_word' id='word_1_96' title='bbox 605 1093 778 1172; x_wconf 62' lang='lat' dir='ltr'>Peumm’</span> <span class='ocrx_word' id='word_1_97' title='bbox 802 1091 842 1146; x_wconf 49' lang='grc' dir='ltr'><strong>ΠΙ</strong></span> <span class='ocrx_word' id='word_1_98' title='bbox 856 1089 971 1146; x_wconf 69' lang='lat' dir='ltr'><strong>¹¹⁰⁵m</strong></span> <span class='ocrx_word' id='word_1_99' title='bbox 981 1089 1101 1195; x_wconf 52' lang='lat' dir='ltr'><strong>,effetus</strong></span> <span class='ocrx_word' id='word_1_100' title='bbox 1117 1099 1199 1166; x_wconf 57' lang='grc' dir='ltr'><strong>ΡΜ·</strong></span> <span class='ocrx_word' id='word_1_101' title='bbox 1250 1110 1361 1195; x_wconf 89' lang='lat' dir='ltr'><strong>beris,</strong></span> <span class='ocrx_word' id='word_1_102' title='bbox 1387 1109 1470 1202; x_wconf 87' lang='lat' dir='ltr'><strong>quia</strong></span> <span class='ocrx_word' id='word_1_103' title='bbox 1487 1106 1555 1180; x_wconf 95' lang='lat' dir='ltr'><strong>hoc</strong></span> <span class='ocrx_word' id='word_1_104' title='bbox 1569 1109 1724 1179; x_wconf 90' lang='lat' dir='ltr'><strong>triennio</strong></span> <span class='ocrx_word' id='word_1_105' title='bbox 1740 1132 1861 1177; x_wconf 87' lang='lat' dir='ltr'><strong>rerum</strong></span> <span class='ocrx_word' id='word_1_106' title='bbox 1879 1108 2092 1178; x_wconf 87' lang='lat' dir='ltr'><strong>mutationes</strong></span> <span class='ocrx_word' id='word_1_107' title='bbox 2107 1096 2251 1178; x_wconf 75' lang='lat' dir='ltr'><strong>videbis</strong></span> 
     </span>
     <span class='ocr_line' id='line_1_10' title="bbox 206 1176 2249 1300; baseline -0.012 0"><span class='ocrx_word' id='word_1_108' title='bbox 206 1207 286 1285; x_wconf 58' lang='lat' dir='ltr'><strong>pm</strong></span> <span class='ocrx_word' id='word_1_109' title='bbox 311 1189 460 1278; x_wconf 67' lang='lat' dir='ltr'>3¹⁰¹¹³m</span> <span class='ocrx_word' id='word_1_110' title='bbox 480 1184 550 1257; x_wconf 54' lang='lat' dir='ltr'><strong>Dm</strong></span> <span class='ocrx_word' id='word_1_111' title='bbox 569 1192 762 1297; x_wconf 42' lang='lat' dir='ltr'><strong>inventur·</strong></span> <span class='ocrx_word' id='word_1_112' title='bbox 814 1176 958 1247; x_wconf 63' lang='lat' dir='ltr'><strong>Mecum</strong></span> <span class='ocrx_word' id='word_1_113' title='bbox 979 1190 1088 1267; x_wconf 54' lang='grc' dir='ltr'><strong>ΨΜ</strong></span> <span class='ocrx_word' id='word_1_114' title='bbox 1113 1199 1200 1293; x_wconf 74' lang='lat'>⁰⁰¹¹‚&#39;</span> <span class='ocrx_word' id='word_1_115' title='bbox 1250 1212 1373 1300; x_wconf 89' lang='lat' dir='ltr'><strong>dignas</strong></span> <span class='ocrx_word' id='word_1_116' title='bbox 1406 1211 1741 1281; x_wconf 83' lang='lat' dir='ltr'><strong>commemoratione</strong></span> <span class='ocrx_word' id='word_1_117' title='bbox 1773 1210 1811 1277; x_wconf 92' lang='lat' dir='ltr'><strong>in</strong></span> <span class='ocrx_word' id='word_1_118' title='bbox 1847 1206 1971 1279; x_wconf 84' lang='lat' dir='ltr'><strong>Fastis.</strong></span> <span class='ocrx_word' id='word_1_119' title='bbox 2032 1208 2114 1279; x_wconf 89' lang='lat' dir='ltr'><strong>Erit</strong></span> <span class='ocrx_word' id='word_1_120' title='bbox 2147 1211 2249 1279; x_wconf 92' lang='lat' dir='ltr'><strong>enim</strong></span> 
     </span>
     <span class='ocr_line' id='line_1_11' title="bbox 105 1278 2250 1402; baseline -0.011 -1"><span class='ocrx_word' id='word_1_121' title='bbox 105 1362 108 1369; x_wconf 91' lang='lat'>·</span> <span class='ocrx_word' id='word_1_122' title='bbox 208 1289 339 1362; x_wconf 55' lang='lat' dir='ltr'><strong>lundis</strong></span> <span class='ocrx_word' id='word_1_123' title='bbox 356 1282 594 1370; x_wconf 60' lang='lat' dir='ltr'><strong>v⁰¹i⁵⁸i⁰guh</strong></span> <span class='ocrx_word' id='word_1_124' title='bbox 611 1278 851 1397; x_wconf 52' lang='lat' dir='ltr'><strong>⁰f³i⁰D⁶¹m</strong></span> <span class='ocrx_word' id='word_1_125' title='bbox 877 1278 1200 1348; x_wconf 61' lang='lat' dir='ltr'><strong>”elucemd⁰⁶¹r¹&#39;</strong></span> <span class='ocrx_word' id='word_1_126' title='bbox 1251 1336 1369 1381; x_wconf 91' lang='lat' dir='ltr'><strong>mense</strong></span> <span class='ocrx_word' id='word_1_127' title='bbox 1402 1312 1562 1402; x_wconf 89' lang='lat' dir='ltr'><strong>proximo</strong></span> <span class='ocrx_word' id='word_1_128' title='bbox 1592 1333 1798 1400; x_wconf 87' lang='lat' dir='ltr'><strong>congressus</strong></span> <span class='ocrx_word' id='word_1_129' title='bbox 1820 1309 1966 1380; x_wconf 86' lang='lat' dir='ltr'><strong>Saturni</strong></span> <span class='ocrx_word' id='word_1_130' title='bbox 1995 1323 2030 1379; x_wconf 90' lang='lat' dir='ltr'><strong>et</strong></span> <span class='ocrx_word' id='word_1_131' title='bbox 2054 1310 2185 1381; x_wconf 87' lang='lat' dir='ltr'><strong>Martis</strong></span> <span class='ocrx_word' id='word_1_132' title='bbox 2210 1310 2250 1378; x_wconf 91' lang='lat' dir='ltr'><strong>iu</strong></span> 
     </span>
     <span class='ocr_line' id='line_1_12' title="bbox 201 1377 2249 1504; baseline -0.015 -48"><span class='ocrx_word' id='word_1_133' title='bbox 201 1416 275 1461; x_wconf 88' lang='lat' dir='ltr'><strong>nae</strong></span> <span class='ocrx_word' id='word_1_134' title='bbox 292 1391 383 1459; x_wconf 91' lang='lat' dir='ltr'><strong>inter</strong></span> <span class='ocrx_word' id='word_1_135' title='bbox 397 1408 461 1456; x_wconf 89' lang='lat' dir='ltr'><strong>nos</strong></span> <span class='ocrx_word' id='word_1_136' title='bbox 477 1382 649 1470; x_wconf 81' lang='lat' dir='ltr'><strong>exstingui</strong></span> <span class='ocrx_word' id='word_1_137' title='bbox 665 1392 768 1453; x_wconf 81' lang='lat' dir='ltr'><strong>sinat.</strong></span> <span class='ocrx_word' id='word_1_138' title='bbox 819 1377 968 1469; x_wconf 86' lang='lat' dir='ltr'><strong>Propter</strong></span> <span class='ocrx_word' id='word_1_139' title='bbox 982 1395 1034 1462; x_wconf 91' lang='lat' dir='ltr'><strong>te,</strong></span> <span class='ocrx_word' id='word_1_140' title='bbox 1060 1393 1200 1447; x_wconf 84' lang='lat' dir='ltr'><strong>aeterne</strong></span> <span class='ocrx_word' id='word_1_141' title='bbox 1250 1410 1483 1503; x_wconf 53' lang='lat' dir='ltr'><strong>Aegocemoe,</strong></span> <span class='ocrx_word' id='word_1_142' title='bbox 1516 1413 1641 1504; x_wconf 61' lang='lat' dir='ltr'><strong>quien</strong></span> <span class='ocrx_word' id='word_1_143' title='bbox 1666 1411 2129 1495; x_wconf 49' lang='lat' dir='ltr'><strong>intersidemelawsest’</strong></span> <span class='ocrx_word' id='word_1_144' title='bbox 2163 1411 2249 1503; x_wconf 59' lang='lat' dir='ltr'><strong>quia</strong></span> 
     </span>
    </p>
   </div>
   <div class='ocr_carea' id='block_1_6' title="bbox 209 1476 2250 1604">
    <p class='ocr_par' dir='ltr' id='par_1_6' title="bbox 209 1476 2250 1604">
     <span class='ocr_line' id='line_1_13' title="bbox 209 1476 2250 1604; baseline -0.006 -42"><span class='ocrx_word' id='word_1_145' title='bbox 209 1493 324 1573; x_wconf 91' lang='lat' dir='ltr'><strong>Deus,</strong></span> <span class='ocrx_word' id='word_1_146' title='bbox 346 1487 451 1557; x_wconf 90' lang='lat' dir='ltr'><strong>Pater</strong></span> <span class='ocrx_word' id='word_1_147' title='bbox 467 1482 615 1552; x_wconf 89' lang='lat' dir='ltr'><strong>Domini</strong></span> <span class='ocrx_word' id='word_1_148' title='bbox 637 1478 750 1549; x_wconf 90' lang='lat' dir='ltr'><strong>nostri</strong></span> <span class='ocrx_word' id='word_1_149' title='bbox 767 1476 847 1548; x_wconf 90' lang='lat' dir='ltr'><strong>lesu</strong></span> <span class='ocrx_word' id='word_1_150' title='bbox 860 1476 1012 1562; x_wconf 85' lang='lat' dir='ltr'><strong>Christi,</strong></span> <span class='ocrx_word' id='word_1_151' title='bbox 1038 1479 1202 1548; x_wconf 90' lang='lat' dir='ltr'><strong>conditor</strong></span> <span class='ocrx_word' id='word_1_152' title='bbox 1250 1508 1564 1603; x_wconf 54' lang='lat' dir='ltr'><strong>Gigamomachiae</strong></span> <span class='ocrx_word' id='word_1_153' title='bbox 1586 1511 1661 1582; x_wconf 75' lang='lat' dir='ltr'><strong>pan</strong></span> <span class='ocrx_word' id='word_1_154' title='bbox 1684 1513 1798 1604; x_wconf 54' lang='lat' dir='ltr'>specie</span> <span class='ocrx_word' id='word_1_155' title='bbox 1820 1507 2044 1601; x_wconf 56' lang='lat' dir='ltr'><strong>Aegocemfis</strong></span> <span class='ocrx_word' id='word_1_156' title='bbox 2067 1513 2250 1593; x_wconf 42' lang='lat' dir='ltr'>interfuit,</span> 
     </span>
    </p>
   </div>
   <div class='ocr_carea' id='block_1_7' title="bbox 208 1580 2250 1786">
    <p class='ocr_par' dir='ltr' id='par_1_7' title="bbox 208 1580 2250 1786">
     <span class='ocr_line' id='line_1_14' title="bbox 208 1580 2250 1708; baseline -0 -47"><span class='ocrx_word' id='word_1_157' title='bbox 208 1589 355 1662; x_wconf 87' lang='lat' dir='ltr'><strong>humani</strong></span> <span class='ocrx_word' id='word_1_158' title='bbox 374 1585 511 1677; x_wconf 89' lang='lat' dir='ltr'><strong>generis</strong></span> <span class='ocrx_word' id='word_1_159' title='bbox 527 1594 561 1652; x_wconf 85' lang='lat' dir='ltr'><strong>et</strong></span> <span class='ocrx_word' id='word_1_160' title='bbox 569 1580 748 1652; x_wconf 86' lang='lat' dir='ltr'><strong>Ecclesiae</strong></span> <span class='ocrx_word' id='word_1_161' title='bbox 765 1594 865 1664; x_wconf 91' lang='lat' dir='ltr'><strong>tuae,</strong></span> <span class='ocrx_word' id='word_1_162' title='bbox 896 1581 976 1649; x_wconf 85' lang='lat' dir='ltr'><strong>fons</strong></span> <span class='ocrx_word' id='word_1_163' title='bbox 1001 1580 1202 1670; x_wconf 88' lang='lat' dir='ltr'><strong>sapientiae,</strong></span> <span class='ocrx_word' id='word_1_164' title='bbox 1251 1629 1285 1684; x_wconf 59' lang='lat' dir='ltr'><strong>e,</strong></span> <span class='ocrx_word' id='word_1_165' title='bbox 1301 1611 1368 1687; x_wconf 58' lang='lat' dir='ltr'><strong>uim</strong></span> <span class='ocrx_word' id='word_1_166' title='bbox 1386 1617 1553 1708; x_wconf 57' lang='grc' dir='ltr'><em>Τυφῶνα</em></span> <span class='ocrx_word' id='word_1_167' title='bbox 1568 1615 1636 1686; x_wconf 55' lang='lat' dir='ltr'>reti</span> <span class='ocrx_word' id='word_1_168' title='bbox 1651 1614 1753 1706; x_wconf 52' lang='lat' dir='ltr'><strong>cepit·</strong></span> <span class='ocrx_word' id='word_1_169' title='bbox 1801 1610 1899 1683; x_wconf 58' lang='lat' dir='ltr'>Haec</span> <span class='ocrx_word' id='word_1_170' title='bbox 1919 1613 2035 1697; x_wconf 54' lang='lat' dir='ltr'>brevi,</span> <span class='ocrx_word' id='word_1_171' title='bbox 2060 1627 2102 1684; x_wconf 56' lang='lat' dir='ltr'><strong>ut</strong></span> <span class='ocrx_word' id='word_1_172' title='bbox 2123 1637 2250 1704; x_wconf 49' lang='lat' dir='ltr'><strong>,pem</strong></span> 
     </span>
     <span class='ocr_line' id='line_1_15' title="bbox 208 1682 2007 1786; baseline 0.007 -30"><span class='ocrx_word' id='word_1_173' title='bbox 208 1703 353 1785; x_wconf 87' lang='lat' dir='ltr'><strong>propter</strong></span> <span class='ocrx_word' id='word_1_174' title='bbox 365 1702 462 1758; x_wconf 88' lang='lat' dir='ltr'><strong>tuam</strong></span> <span class='ocrx_word' id='word_1_175' title='bbox 477 1682 627 1774; x_wconf 82' lang='lat' dir='ltr'><strong>gloriam</strong></span> <span class='ocrx_word' id='word_1_176' title='bbox 646 1696 783 1752; x_wconf 85' lang='lat' dir='ltr'><strong>servato</strong></span> <span class='ocrx_word' id='word_1_177' title='bbox 801 1695 920 1750; x_wconf 90' lang='lat' dir='ltr'><strong>coetus</strong></span> <span class='ocrx_word' id='word_1_178' title='bbox 940 1682 1143 1750; x_wconf 91' lang='lat' dir='ltr'><strong>docentium</strong></span> <span class='ocrx_word' id='word_1_179' title='bbox 1167 1691 1202 1747; x_wconf 86' lang='lat' dir='ltr'><strong>et</strong></span> <span class='ocrx_word' id='word_1_180' title='bbox 1251 1740 1380 1786; x_wconf 48' lang='lat' dir='ltr'><strong>coram·</strong></span> <span class='ocrx_word' id='word_1_181' title='bbox 2005 1702 2007 1707; x_wconf 81' lang='grc'><strong>’</strong></span> 
     </span>
    </p>
   </div>
   <div class='ocr_carea' id='block_1_8' title="bbox 209 1779 1203 2084">
    <p class='ocr_par' dir='ltr' id='par_1_8' title="bbox 209 1779 1203 2084">
     <span class='ocr_line' id='line_1_16' title="bbox 209 1779 1201 1874; baseline -0.016 -11"><span class='ocrx_word' id='word_1_182' title='bbox 209 1790 422 1863; x_wconf 89' lang='lat' dir='ltr'><strong>discentium</strong></span> <span class='ocrx_word' id='word_1_183' title='bbox 451 1788 490 1854; x_wconf 92' lang='lat' dir='ltr'><strong>in</strong></span> <span class='ocrx_word' id='word_1_184' title='bbox 517 1779 585 1852; x_wconf 91' lang='lat' dir='ltr'><strong>hoc</strong></span> <span class='ocrx_word' id='word_1_185' title='bbox 610 1781 761 1874; x_wconf 85' lang='lat' dir='ltr'><strong>oppido!</strong></span> <span class='ocrx_word' id='word_1_186' title='bbox 816 1781 875 1850; x_wconf 92' lang='lat' dir='ltr'><strong>Tu</strong></span> <span class='ocrx_word' id='word_1_187' title='bbox 899 1784 1058 1870; x_wconf 89' lang='lat' dir='ltr'><strong>guberna</strong></span> <span class='ocrx_word' id='word_1_188' title='bbox 1085 1780 1201 1849; x_wconf 90' lang='lat' dir='ltr'><strong>studia</strong></span> 
     </span>
     <span class='ocr_line' id='line_1_17' title="bbox 209 1881 1202 1973; baseline -0.017 -9"><span class='ocrx_word' id='word_1_189' title='bbox 209 1907 348 1973; x_wconf 89' lang='lat' dir='ltr'><strong>nostra,</strong></span> <span class='ocrx_word' id='word_1_190' title='bbox 374 1902 413 1958; x_wconf 91' lang='lat' dir='ltr'><strong>ut</strong></span> <span class='ocrx_word' id='word_1_191' title='bbox 428 1900 462 1955; x_wconf 92' lang='lat' dir='ltr'><strong>te</strong></span> <span class='ocrx_word' id='word_1_192' title='bbox 476 1907 557 1953; x_wconf 89' lang='lat' dir='ltr'><strong>vere</strong></span> <span class='ocrx_word' id='word_1_193' title='bbox 582 1881 778 1952; x_wconf 88' lang='lat' dir='ltr'><strong>celebrent!</strong></span> <span class='ocrx_word' id='word_1_194' title='bbox 833 1881 891 1949; x_wconf 86' lang='lat' dir='ltr'><strong>Tu</strong></span> <span class='ocrx_word' id='word_1_195' title='bbox 914 1883 1046 1950; x_wconf 88' lang='lat' dir='ltr'><strong>semina</strong></span> <span class='ocrx_word' id='word_1_196' title='bbox 1070 1881 1202 1951; x_wconf 91' lang='lat' dir='ltr'><strong>doctri-</strong></span> 
     </span>
     <span class='ocr_line' id='line_1_18' title="bbox 209 1978 1203 2084; baseline -0.014 -20"><span class='ocrx_word' id='word_1_197' title='bbox 209 2018 293 2076; x_wconf 89' lang='lat' dir='ltr'><strong>uae,</strong></span> <span class='ocrx_word' id='word_1_198' title='bbox 319 2014 408 2084; x_wconf 89' lang='lat' dir='ltr'><strong>qnae</strong></span> <span class='ocrx_word' id='word_1_199' title='bbox 424 1988 499 2076; x_wconf 87' lang='lat' dir='ltr'><strong>ipse</strong></span> <span class='ocrx_word' id='word_1_200' title='bbox 513 1983 670 2073; x_wconf 87' lang='lat' dir='ltr'><strong>sparsisti</strong></span> <span class='ocrx_word' id='word_1_201' title='bbox 687 1994 721 2051; x_wconf 89' lang='lat' dir='ltr'><strong>et</strong></span> <span class='ocrx_word' id='word_1_202' title='bbox 735 1981 910 2066; x_wconf 83' lang='lat' dir='ltr'><strong>excitasti,</strong></span> <span class='ocrx_word' id='word_1_203' title='bbox 941 1981 1076 2051; x_wconf 83' lang='lat' dir='ltr'><strong>foveto!</strong></span> <span class='ocrx_word' id='word_1_204' title='bbox 1132 1978 1203 2051; x_wconf 68' lang='lat' dir='ltr'><strong>etc-</strong></span> 
     </span>
    </p>
   </div>
   <div class='ocr_carea' id='block_1_9' title="bbox 209 2080 1230 2172">
    <p class='ocr_par' dir='ltr' id='par_1_9' title="bbox 209 2080 1230 2172">
     <span class='ocr_line' id='line_1_19' title="bbox 209 2080 1230 2172; baseline -0.014 -8"><span class='ocrx_word' id='word_1_205' title='bbox 209 2097 336 2163; x_wconf 83' lang='lat' dir='ltr'><strong>cedant</strong></span> <span class='ocrx_word' id='word_1_206' title='bbox 360 2102 475 2157; x_wconf 91' lang='lat' dir='ltr'><strong>autem</strong></span> <span class='ocrx_word' id='word_1_207' title='bbox 496 2085 542 2155; x_wconf 83' lang='lat' dir='ltr'><strong>acl</strong></span> <span class='ocrx_word' id='word_1_208' title='bbox 564 2080 655 2152; x_wconf 91' lang='lat' dir='ltr'><strong>hanc</strong></span> <span class='ocrx_word' id='word_1_209' title='bbox 680 2081 919 2172; x_wconf 88' lang='lat' dir='ltr'><strong>precationem</strong></span> <span class='ocrx_word' id='word_1_210' title='bbox 945 2084 1125 2172; x_wconf 84' lang='lat' dir='ltr'><strong>diligentia</strong></span> <span class='ocrx_word' id='word_1_211' title='bbox 1146 2106 1203 2151; x_wconf 88' lang='lat' dir='ltr'><strong>re·</strong></span> <span class='ocrx_word' id='word_1_212' title='bbox 1227 2118 1230 2171; x_wconf 69' lang='grc' dir='ltr'>Ι</span> 
     </span>
    </p>
   </div>
   <div class='ocr_carea' id='block_1_10' title="bbox 117 2182 1203 2578">
    <p class='ocr_par' dir='ltr' id='par_1_10' title="bbox 117 2182 1203 2578">
     <span class='ocr_line' id='line_1_20' title="bbox 209 2182 1202 2284; baseline -0.014 -21"><span class='ocrx_word' id='word_1_213' title='bbox 209 2195 406 2284; x_wconf 82' lang='lat' dir='ltr'><strong>gendarum</strong></span> <span class='ocrx_word' id='word_1_214' title='bbox 423 2209 561 2254; x_wconf 89' lang='lat' dir='ltr'><strong>morum</strong></span> <span class='ocrx_word' id='word_1_215' title='bbox 578 2199 613 2254; x_wconf 91' lang='lat' dir='ltr'><strong>et</strong></span> <span class='ocrx_word' id='word_1_216' title='bbox 628 2182 786 2251; x_wconf 85' lang='lat' dir='ltr'><strong>discendi</strong></span> <span class='ocrx_word' id='word_1_217' title='bbox 801 2207 895 2255; x_wconf 91' lang='lat' dir='ltr'><strong>cura.</strong></span> <span class='ocrx_word' id='word_1_218' title='bbox 947 2183 1086 2254; x_wconf 84' lang='lat' dir='ltr'><strong>Laudat</strong></span> <span class='ocrx_word' id='word_1_219' title='bbox 1108 2184 1202 2251; x_wconf 90' lang='lat' dir='ltr'><strong>euim</strong></span> 
     </span>
     <span class='ocr_line' id='line_1_21' title="bbox 128 2285 1203 2372; baseline -0.011 -8"><span class='ocrx_word' id='word_1_220' title='bbox 128 2346 131 2351; x_wconf 87' lang='lat'><em>-</em></span> <span class='ocrx_word' id='word_1_221' title='bbox 208 2292 306 2364; x_wconf 89' lang='lat' dir='ltr'><strong>Deus</strong></span> <span class='ocrx_word' id='word_1_222' title='bbox 323 2314 396 2358; x_wconf 91' lang='lat' dir='ltr'><strong>non</strong></span> <span class='ocrx_word' id='word_1_223' title='bbox 414 2287 581 2372; x_wconf 84' lang='lat' dir='ltr'><strong>ignavum</strong></span> <span class='ocrx_word' id='word_1_224' title='bbox 596 2307 757 2364; x_wconf 86' lang='lat' dir='ltr'><strong>servum,</strong></span> <span class='ocrx_word' id='word_1_225' title='bbox 783 2285 841 2349; x_wconf 89' lang='lat' dir='ltr'><strong>sed</strong></span> <span class='ocrx_word' id='word_1_226' title='bbox 860 2285 1112 2372; x_wconf 81' lang='lat' dir='ltr'><strong>negociantem,</strong></span> <span class='ocrx_word' id='word_1_227' title='bbox 1139 2307 1203 2352; x_wconf 92' lang='lat' dir='ltr'><strong>nec</strong></span> 
     </span>
     <span class='ocr_line' id='line_1_22' title="bbox 209 2384 1203 2485; baseline -0.01 -22"><span class='ocrx_word' id='word_1_228' title='bbox 209 2397 353 2485; x_wconf 81' lang='lat' dir='ltr'><strong>ignaras</strong></span> <span class='ocrx_word' id='word_1_229' title='bbox 371 2410 487 2479; x_wconf 88' lang='lat' dir='ltr'><strong>preces</strong></span> <span class='ocrx_word' id='word_1_230' title='bbox 504 2385 666 2468; x_wconf 86' lang='lat' dir='ltr'><strong>exaudit,</strong></span> <span class='ocrx_word' id='word_1_231' title='bbox 691 2384 751 2451; x_wconf 90' lang='lat' dir='ltr'><strong>sed</strong></span> <span class='ocrx_word' id='word_1_232' title='bbox 776 2407 898 2453; x_wconf 90' lang='lat' dir='ltr'><strong>eorum</strong></span> <span class='ocrx_word' id='word_1_233' title='bbox 922 2399 1024 2469; x_wconf 89' lang='lat' dir='ltr'><strong>vota,</strong></span> <span class='ocrx_word' id='word_1_234' title='bbox 1056 2386 1203 2477; x_wconf 85' lang='lat' dir='ltr'><strong>quisue</strong></span> 
     </span>
     <span class='ocr_line' id='line_1_23' title="bbox 117 2488 1203 2578; baseline -0.009 -14"><span class='ocrx_word' id='word_1_235' title='bbox 117 2527 120 2537; x_wconf 93' lang='lat'>·</span> <span class='ocrx_word' id='word_1_236' title='bbox 209 2494 327 2565; x_wconf 89' lang='lat' dir='ltr'><strong>studio</strong></span> <span class='ocrx_word' id='word_1_237' title='bbox 344 2490 554 2570; x_wconf 89' lang='lat' dir='ltr'><strong>ostendunt,</strong></span> <span class='ocrx_word' id='word_1_238' title='bbox 579 2508 711 2553; x_wconf 88' lang='lat' dir='ltr'><strong>severe</strong></span> <span class='ocrx_word' id='word_1_239' title='bbox 728 2500 889 2574; x_wconf 91' lang='lat' dir='ltr'><strong>appetere</strong></span> <span class='ocrx_word' id='word_1_240' title='bbox 910 2509 948 2553; x_wconf 88' lang='lat' dir='ltr'><strong>ea</strong></span> <span class='ocrx_word' id='word_1_241' title='bbox 974 2488 1087 2570; x_wconf 90' lang='lat' dir='ltr'><strong>bona,</strong></span> <span class='ocrx_word' id='word_1_242' title='bbox 1113 2511 1203 2578; x_wconf 92' lang='lat' dir='ltr'><strong>quo·</strong></span> 
     </span>
    </p>
   </div>
   <div class='ocr_carea' id='block_1_11' title="bbox 209 2580 1268 2664">
    <p class='ocr_par' dir='ltr' id='par_1_11' title="bbox 209 2580 1268 2664">
     <span class='ocr_line' id='line_1_24' title="bbox 209 2580 1268 2664; baseline -0.008 0"><span class='ocrx_word' id='word_1_243' title='bbox 209 2619 290 2664; x_wconf 82' lang='lat' dir='ltr'><strong>nrm</strong></span> <span class='ocrx_word' id='word_1_244' title='bbox 317 2589 534 2658; x_wconf 89' lang='lat' dir='ltr'><strong>mentionem</strong></span> <span class='ocrx_word' id='word_1_245' title='bbox 559 2585 703 2657; x_wconf 83' lang='lat' dir='ltr'><strong>faciunt.</strong></span> <span class='ocrx_word' id='word_1_246' title='bbox 767 2580 816 2654; x_wconf 84' lang='lat' dir='ltr'><strong>Et</strong></span> <span class='ocrx_word' id='word_1_247' title='bbox 838 2599 930 2654; x_wconf 88' lang='lat' dir='ltr'><strong>recte</strong></span> <span class='ocrx_word' id='word_1_248' title='bbox 952 2588 1087 2656; x_wconf 90' lang='lat' dir='ltr'><strong>dictum</strong></span> <span class='ocrx_word' id='word_1_249' title='bbox 1113 2601 1203 2656; x_wconf 89' lang='lat' dir='ltr'><strong>esta</strong></span> <span class='ocrx_word' id='word_1_250' title='bbox 1261 2580 1268 2593; x_wconf 66' lang='lat'>⁸</span> 
     </span>
    </p>
   </div>
   <div class='ocr_carea' id='block_1_12' title="bbox 208 2680 1204 2879">
    <p class='ocr_par' dir='ltr' id='par_1_12' title="bbox 208 2680 1204 2879">
     <span class='ocr_line' id='line_1_25' title="bbox 208 2680 1204 2781; baseline -0.004 -16"><span class='ocrx_word' id='word_1_251' title='bbox 208 2688 380 2765; x_wconf 84' lang='lat' dir='ltr'><strong>Basilio:</strong></span> <span class='ocrx_word' id='word_1_252' title='bbox 418 2680 540 2781; x_wconf 73' lang='grc' dir='ltr'>μόνον</span> <span class='ocrx_word' id='word_1_253' title='bbox 559 2681 741 2776; x_wconf 77' lang='grc' dir='ltr'><strong>θέλησον,</strong></span> <span class='ocrx_word' id='word_1_254' title='bbox 773 2682 837 2755; x_wconf 81' lang='grc' dir='ltr'><strong>καὶ</strong></span> <span class='ocrx_word' id='word_1_255' title='bbox 860 2682 947 2766; x_wconf 83' lang='grc' dir='ltr'><em>Θεὸς</em></span> <span class='ocrx_word' id='word_1_256' title='bbox 971 2691 1204 2781; x_wconf 79' lang='grc' dir='ltr'><em>προαπαντᾶ.</em></span> 
     </span>
     <span class='ocr_line' id='line_1_26' title="bbox 209 2785 1204 2879; baseline -0.008 -14"><span class='ocrx_word' id='word_1_257' title='bbox 209 2795 300 2871; x_wconf 77' lang='lat' dir='ltr'><strong>Cum</strong></span> <span class='ocrx_word' id='word_1_258' title='bbox 318 2807 435 2861; x_wconf 91' lang='lat' dir='ltr'><strong>autem</strong></span> <span class='ocrx_word' id='word_1_259' title='bbox 452 2800 596 2879; x_wconf 91' lang='lat' dir='ltr'><strong>propter</strong></span> <span class='ocrx_word' id='word_1_260' title='bbox 610 2785 769 2855; x_wconf 87' lang='lat' dir='ltr'><strong>examina</strong></span> <span class='ocrx_word' id='word_1_261' title='bbox 784 2788 872 2856; x_wconf 89' lang='lat' dir='ltr'><strong>utile</strong></span> <span class='ocrx_word' id='word_1_262' title='bbox 887 2788 952 2871; x_wconf 92' lang='lat' dir='ltr'><strong>sit,</strong></span> <span class='ocrx_word' id='word_1_263' title='bbox 979 2790 1108 2857; x_wconf 89' lang='lat' dir='ltr'><strong>servari</strong></span> <span class='ocrx_word' id='word_1_264' title='bbox 1128 2814 1204 2858; x_wconf 88' lang='lat' dir='ltr'><strong>mo-</strong></span> 
     </span>
    </p>
   </div>
   <div class='ocr_carea' id='block_1_13' title="bbox 210 2885 1218 2973">
    <p class='ocr_par' dir='ltr' id='par_1_13' title="bbox 210 2885 1218 2973">
     <span class='ocr_line' id='line_1_27' title="bbox 210 2885 1218 2973; baseline -0.011 -9"><span class='ocrx_word' id='word_1_265' title='bbox 210 2919 285 2965; x_wconf 90' lang='lat' dir='ltr'><strong>rem</strong></span> <span class='ocrx_word' id='word_1_266' title='bbox 310 2891 615 2962; x_wconf 88' lang='lat' dir='ltr'><strong>decernendorum</strong></span> <span class='ocrx_word' id='word_1_267' title='bbox 640 2889 832 2973; x_wconf 85' lang='lat' dir='ltr'><strong>graduum,</strong></span> <span class='ocrx_word' id='word_1_268' title='bbox 862 2888 948 2958; x_wconf 86' lang='lat' dir='ltr'><strong>duxi</strong></span> <span class='ocrx_word' id='word_1_269' title='bbox 968 2885 1218 2960; x_wconf 88' lang='lat' dir='ltr'><strong>Audituribus.</strong></span> 
     </span>
    </p>
   </div>
   <div class='ocr_carea' id='block_1_14' title="bbox 211 2986 1207 3464">
    <p class='ocr_par' dir='ltr' id='par_1_14' title="bbox 211 2986 1207 3464">
     <span class='ocr_line' id='line_1_28' title="bbox 211 2986 1203 3079; baseline -0.005 -16"><span class='ocrx_word' id='word_1_270' title='bbox 211 2995 342 3064; x_wconf 86' lang='lat' dir='ltr'><strong>nostris</strong></span> <span class='ocrx_word' id='word_1_271' title='bbox 369 2993 587 3062; x_wconf 89' lang='lat' dir='ltr'><strong>voluntatem</strong></span> <span class='ocrx_word' id='word_1_272' title='bbox 618 2986 770 3076; x_wconf 87' lang='lat' dir='ltr'><strong>Collegii</strong></span> <span class='ocrx_word' id='word_1_273' title='bbox 797 2990 911 3058; x_wconf 92' lang='lat' dir='ltr'><strong>nostri</strong></span> <span class='ocrx_word' id='word_1_274' title='bbox 940 2991 1203 3079; x_wconf 83' lang='lat' dir='ltr'><strong>significandam</strong></span> 
     </span>
     <span class='ocr_line' id='line_1_29' title="bbox 213 3088 1206 3178; baseline -0.004 -13"><span class='ocrx_word' id='word_1_275' title='bbox 213 3119 303 3178; x_wconf 89' lang='lat' dir='ltr'><strong>esse,</strong></span> <span class='ocrx_word' id='word_1_276' title='bbox 329 3117 395 3163; x_wconf 89' lang='lat' dir='ltr'><strong>nus</strong></span> <span class='ocrx_word' id='word_1_277' title='bbox 411 3088 569 3161; x_wconf 88' lang='lat' dir='ltr'><strong>honestis</strong></span> <span class='ocrx_word' id='word_1_278' title='bbox 585 3101 619 3158; x_wconf 91' lang='lat' dir='ltr'><strong>et</strong></span> <span class='ocrx_word' id='word_1_279' title='bbox 638 3089 798 3159; x_wconf 87' lang='lat' dir='ltr'><strong>doctrina</strong></span> <span class='ocrx_word' id='word_1_280' title='bbox 823 3091 1049 3160; x_wconf 91' lang='lat' dir='ltr'><strong>mediocriter</strong></span> <span class='ocrx_word' id='word_1_281' title='bbox 1070 3092 1206 3161; x_wconf 89' lang='lat' dir='ltr'><strong>instru-</strong></span> 
     </span>
     <span class='ocr_line' id='line_1_30' title="bbox 212 3185 1206 3284; baseline -0.004 -19"><span class='ocrx_word' id='word_1_282' title='bbox 212 3196 294 3280; x_wconf 92' lang='lat' dir='ltr'><strong>ctis,</strong></span> <span class='ocrx_word' id='word_1_283' title='bbox 321 3192 481 3284; x_wconf 85' lang='lat' dir='ltr'><strong>petituris</strong></span> <span class='ocrx_word' id='word_1_284' title='bbox 497 3185 564 3259; x_wconf 88' lang='lat' dir='ltr'><strong>hoc</strong></span> <span class='ocrx_word' id='word_1_285' title='bbox 581 3201 739 3278; x_wconf 90' lang='lat' dir='ltr'><strong>tempore</strong></span> <span class='ocrx_word' id='word_1_286' title='bbox 756 3192 903 3278; x_wconf 91' lang='lat' dir='ltr'><strong>gradum</strong></span> <span class='ocrx_word' id='word_1_287' title='bbox 913 3190 1109 3280; x_wconf 86' lang='lat' dir='ltr'><strong>Magistcrii</strong></span> <span class='ocrx_word' id='word_1_288' title='bbox 1120 3189 1206 3261; x_wconf 90' lang='lat' dir='ltr'><strong>Phi-</strong></span> 
     </span>
     <span class='ocr_line' id='line_1_31' title="bbox 212 3289 1207 3384; baseline -0.002 -20"><span class='ocrx_word' id='word_1_289' title='bbox 212 3289 404 3384; x_wconf 86' lang='lat' dir='ltr'><strong>lusopbici,</strong></span> <span class='ocrx_word' id='word_1_290' title='bbox 448 3314 523 3358; x_wconf 91' lang='lat' dir='ltr'><strong>non</strong></span> <span class='ocrx_word' id='word_1_291' title='bbox 555 3289 738 3357; x_wconf 84' lang='lat' dir='ltr'><strong>defuturos</strong></span> <span class='ocrx_word' id='word_1_292' title='bbox 767 3313 851 3357; x_wconf 82' lang='lat' dir='ltr'><strong>esse.</strong></span> <span class='ocrx_word' id='word_1_293' title='bbox 914 3289 1069 3360; x_wconf 81' lang='lat' dir='ltr'><strong>Nomina</strong></span> <span class='ocrx_word' id='word_1_294' title='bbox 1098 3292 1207 3382; x_wconf 86' lang='lat' dir='ltr'><strong>igitar</strong></span> 
     </span>
     <span class='ocr_line' id='line_1_32' title="bbox 213 3384 976 3464; baseline -0.001 0"><span class='ocrx_word' id='word_1_295' title='bbox 213 3398 297 3464; x_wconf 89' lang='lat' dir='ltr'><strong>dent</strong></span> <span class='ocrx_word' id='word_1_296' title='bbox 314 3391 456 3462; x_wconf 75' lang='lat' dir='ltr'><strong>De&#39;cano</strong></span> <span class='ocrx_word' id='word_1_297' title='bbox 478 3385 545 3458; x_wconf 90' lang='lat' dir='ltr'><strong>hoc</strong></span> <span class='ocrx_word' id='word_1_298' title='bbox 560 3389 689 3460; x_wconf 84' lang='lat' dir='ltr'><strong>triduo.</strong></span> <span class='ocrx_word' id='word_1_299' title='bbox 741 3384 849 3457; x_wconf 86' lang='lat' dir='ltr'><strong>Anno</strong></span> <span class='ocrx_word' id='word_1_300' title='bbox 870 3387 976 3464; x_wconf 78' lang='lat'><strong>1548.</strong></span> 
     </span>
    </p>
   </div>
   <div class='ocr_carea' id='block_1_15' title="bbox 216 3615 1210 3632">
    <p class='ocr_par' dir='ltr' id='par_1_15' title="bbox 216 3615 1210 3632">
     <span class='ocr_line' id='line_1_33' title="bbox 216 3615 1210 3632; baseline 0 -4"><span class='ocrx_word' id='word_1_301' title='bbox 216 3619 411 3632; x_wconf 52' lang='grc' dir='ltr'><strong>...μω-...ηου-</strong></span> <span class='ocrx_word' id='word_1_302' title='bbox 422 3616 581 3627; x_wconf 59' lang='grc' dir='ltr'><strong>ιρα--σι</strong></span> <span class='ocrx_word' id='word_1_303' title='bbox 587 3615 989 3630; x_wconf 60' lang='grc' dir='ltr'><strong>-ο--α--σ--η-</strong></span> <span class='ocrx_word' id='word_1_304' title='bbox 993 3620 1210 3632; x_wconf 42' lang='grc' dir='ltr'><strong>...ἡ-...-</strong></span> 
     </span>
    </p>
   </div>
   <div class='ocr_carea' id='block_1_16' title="bbox 1071 3763 1207 3833">
    <p class='ocr_par' dir='ltr' id='par_1_16' title="bbox 1071 3763 1207 3833">
     <span class='ocr_line' id='line_1_34' title="bbox 1071 3763 1207 3833; baseline 0.022 -7"><span class='ocrx_word' id='word_1_305' title='bbox 1071 3769 1125 3833; x_wconf 83' lang='lat'><strong>15·</strong></span> <span class='ocrx_word' id='word_1_306' title='bbox 1142 3763 1207 3831; x_wconf 87' lang='lat' dir='ltr'><strong>lan.</strong></span> 
     </span>
    </p>
   </div>
   <div class='ocr_carea' id='block_1_17' title="bbox 1068 3856 1204 3881">
    <p class='ocr_par' dir='ltr' id='par_1_17' title="bbox 1068 3856 1204 3881">
     <span class='ocr_line' id='line_1_35' title="bbox 1068 3856 1204 3881; baseline 0.022 -3"><span class='ocrx_word' id='word_1_307' title='bbox 1068 3856 1204 3881; x_wconf 56' lang='grc' dir='ltr'><strong>Μ’</strong></span> 
     </span>
    </p>
   </div>
   <div class='ocr_carea' id='block_1_18' title="bbox 286 3949 1122 4198">
    <p class='ocr_par' dir='ltr' id='par_1_18' title="bbox 286 3949 1122 4198">
     <span class='ocr_line' id='line_1_36' title="bbox 565 3949 857 4062; baseline 0.007 -31"><span class='ocrx_word' id='word_1_308' title='bbox 565 3952 628 4032; x_wconf 89' lang='grc' dir='ltr'><strong>Ιο.</strong></span> <span class='ocrx_word' id='word_1_309' title='bbox 654 3949 857 4062; x_wconf 75' lang='lat' dir='ltr'><strong>Sergetro.</strong></span> 
     </span>
     <span class='ocr_line' id='line_1_37' title="bbox 286 4122 1122 4198; baseline 0.01 -22"><span class='ocrx_word' id='word_1_310' title='bbox 286 4125 374 4177; x_wconf 84' lang='lat' dir='ltr'><strong>Dana.</strong></span> <span class='ocrx_word' id='word_1_311' title='bbox 388 4141 450 4194; x_wconf 85' lang='lat' dir='ltr'><strong>epp.</strong></span> <span class='ocrx_word' id='word_1_312' title='bbox 463 4123 495 4177; x_wconf 87' lang='lat' dir='ltr'><strong>ad</strong></span> <span class='ocrx_word' id='word_1_313' title='bbox 509 4122 603 4196; x_wconf 84' lang='lat' dir='ltr'><strong>Stigel.</strong></span> <span class='ocrx_word' id='word_1_314' title='bbox 617 4144 659 4196; x_wconf 90' lang='lat' dir='ltr'><strong>ep.</strong></span> <span class='ocrx_word' id='word_1_315' title='bbox 674 4125 717 4183; x_wconf 77' lang='lat'><strong>80.</strong></span> <span class='ocrx_word' id='word_1_316' title='bbox 756 4122 922 4180; x_wconf 68' lang='lat' dir='ltr'><strong>contione</strong></span> <span class='ocrx_word' id='word_1_317' title='bbox 943 4125 1002 4181; x_wconf 80' lang='lat'><strong>188.</strong></span> <span class='ocrx_word' id='word_1_318' title='bbox 1022 4146 1065 4198; x_wconf 87' lang='lat' dir='ltr'><strong>ep.</strong></span> <span class='ocrx_word' id='word_1_319' title='bbox 1078 4128 1122 4184; x_wconf 86' lang='lat'><strong>88.</strong></span> 
     </span>
    </p>
   </div>
   <div class='ocr_carea' id='block_1_19' title="bbox 216 4251 1210 4558">
    <p class='ocr_par' dir='ltr' id='par_1_19' title="bbox 216 4251 1210 4558">
     <span class='ocr_line' id='line_1_38' title="bbox 217 4251 1210 4356; baseline 0.006 -28"><span class='ocrx_word' id='word_1_320' title='bbox 217 4251 442 4329; x_wconf 86' lang='lat' dir='ltr'><strong>Clarissimo</strong></span> <span class='ocrx_word' id='word_1_321' title='bbox 463 4257 551 4340; x_wconf 76' lang='lat' dir='ltr'><strong>viro,</strong></span> <span class='ocrx_word' id='word_1_322' title='bbox 577 4254 778 4330; x_wconf 83' lang='lat' dir='ltr'><strong>eruditione</strong></span> <span class='ocrx_word' id='word_1_323' title='bbox 797 4267 828 4327; x_wconf 90' lang='lat' dir='ltr'><strong>et</strong></span> <span class='ocrx_word' id='word_1_324' title='bbox 848 4256 977 4328; x_wconf 75' lang='lat' dir='ltr'><strong>virtute</strong></span> <span class='ocrx_word' id='word_1_325' title='bbox 990 4263 1210 4356; x_wconf 84' lang='lat' dir='ltr'><strong>praestanti,</strong></span> 
     </span>
     <span class='ocr_line' id='line_1_39' title="bbox 216 4355 1210 4458; baseline 0.006 -28"><span class='ocrx_word' id='word_1_326' title='bbox 216 4361 271 4433; x_wconf 89' lang='lat' dir='ltr'><strong>D.</strong></span> <span class='ocrx_word' id='word_1_327' title='bbox 292 4355 472 4429; x_wconf 84' lang='lat' dir='ltr'><strong>Ioanni</strong></span> <span class='ocrx_word' id='word_1_328' title='bbox 495 4356 721 4453; x_wconf 63' lang='lat' dir='ltr'><strong>Srigetta</strong></span> <span class='ocrx_word' id='word_1_329' title='bbox 746 4360 1210 4458; x_wconf 63' lang='lat' dir='ltr'><strong>summaingeniielegam</strong></span> 
     </span>
     <span class='ocr_line' id='line_1_40' title="bbox 268 4455 1160 4558; baseline 0.006 -26"><span class='ocrx_word' id='word_1_330' title='bbox 268 4463 323 4531; x_wconf 86' lang='lat' dir='ltr'><strong>tia</strong></span> <span class='ocrx_word' id='word_1_331' title='bbox 340 4457 528 4558; x_wconf 84' lang='lat' dir='ltr'><strong>praedito,</strong></span> <span class='ocrx_word' id='word_1_332' title='bbox 554 4461 759 4531; x_wconf 80' lang='lat' dir='ltr'><strong>amicosne</strong></span> <span class='ocrx_word' id='word_1_333' title='bbox 783 4455 1023 4550; x_wconf 84' lang='lat' dir='ltr'><strong>charissimo,</strong></span> <span class='ocrx_word' id='word_1_334' title='bbox 1047 4461 1088 4535; x_wconf 88' lang='lat' dir='ltr'><strong>S.</strong></span> <span class='ocrx_word' id='word_1_335' title='bbox 1105 4463 1160 4537; x_wconf 92' lang='lat' dir='ltr'><strong>D.</strong></span> 
     </span>
    </p>
   </div>
   <div class='ocr_carea' id='block_1_20' title="bbox 129 4578 1212 5495">
    <p class='ocr_par' dir='ltr' id='par_1_20' title="bbox 129 4578 1212 5495">
     <span class='ocr_line' id='line_1_41' title="bbox 129 4578 1211 4687; baseline 0.002 -21"><span class='ocrx_word' id='word_1_336' title='bbox 129 4614 138 4620; x_wconf 82' lang='grc'>’</span> <span class='ocrx_word' id='word_1_337' title='bbox 218 4578 475 4666; x_wconf 74' lang='lat' dir='ltr'><strong>Admiratione</strong></span> <span class='ocrx_word' id='word_1_338' title='bbox 492 4592 627 4683; x_wconf 84' lang='lat' dir='ltr'><strong>ingenii</strong></span> <span class='ocrx_word' id='word_1_339' title='bbox 643 4593 713 4678; x_wconf 91' lang='lat' dir='ltr'><strong>tui,</strong></span> <span class='ocrx_word' id='word_1_340' title='bbox 739 4594 1010 4687; x_wconf 89' lang='lat' dir='ltr'><strong>quodomnium</strong></span> <span class='ocrx_word' id='word_1_341' title='bbox 1028 4598 1133 4666; x_wconf 90' lang='lat' dir='ltr'><strong>etiam</strong></span> <span class='ocrx_word' id='word_1_342' title='bbox 1151 4623 1211 4669; x_wconf 89' lang='lat' dir='ltr'><strong>ve-</strong></span> 
     </span>
     <span class='ocr_line' id='line_1_42' title="bbox 217 4693 1212 4790; baseline 0.003 -24"><span class='ocrx_word' id='word_1_343' title='bbox 217 4709 333 4766; x_wconf 89' lang='lat' dir='ltr'><strong>terum</strong></span> <span class='ocrx_word' id='word_1_344' title='bbox 348 4695 559 4764; x_wconf 88' lang='lat' dir='ltr'><strong>Latinorum</strong></span> <span class='ocrx_word' id='word_1_345' title='bbox 575 4693 762 4763; x_wconf 89' lang='lat' dir='ltr'><strong>Poetarum</strong></span> <span class='ocrx_word' id='word_1_346' title='bbox 779 4695 930 4783; x_wconf 89' lang='lat' dir='ltr'><strong>ingeniis</strong></span> <span class='ocrx_word' id='word_1_347' title='bbox 953 4699 1110 4767; x_wconf 84' lang='lat' dir='ltr'><strong>antefero</strong></span> <span class='ocrx_word' id='word_1_348' title='bbox 1136 4701 1212 4790; x_wconf 92' lang='lat' dir='ltr'><strong>pri-</strong></span> 
     </span>
     <span class='ocr_line' id='line_1_43' title="bbox 217 4796 1212 4889; baseline 0.007 -25"><span class='ocrx_word' id='word_1_349' title='bbox 217 4819 319 4879; x_wconf 83' lang='lat' dir='ltr'><strong>mum</strong></span> <span class='ocrx_word' id='word_1_350' title='bbox 344 4796 504 4865; x_wconf 89' lang='lat' dir='ltr'><strong>accendit</strong></span> <span class='ocrx_word' id='word_1_351' title='bbox 526 4819 682 4864; x_wconf 89' lang='lat' dir='ltr'><strong>amorem</strong></span> <span class='ocrx_word' id='word_1_352' title='bbox 708 4818 788 4885; x_wconf 83' lang='lat' dir='ltr'><strong>erga</strong></span> <span class='ocrx_word' id='word_1_353' title='bbox 816 4810 849 4865; x_wconf 94' lang='lat' dir='ltr'><strong>te</strong></span> <span class='ocrx_word' id='word_1_354' title='bbox 876 4819 1011 4882; x_wconf 83' lang='lat' dir='ltr'><strong>meum3</strong></span> <span class='ocrx_word' id='word_1_355' title='bbox 1040 4813 1159 4889; x_wconf 88' lang='lat' dir='ltr'><strong>postea</strong></span> <span class='ocrx_word' id='word_1_356' title='bbox 1178 4815 1212 4871; x_wconf 91' lang='lat' dir='ltr'><strong>et</strong></span> 
     </span>
     <span class='ocr_line' id='line_1_44' title="bbox 218 4895 1211 4990; baseline 0.004 -24"><span class='ocrx_word' id='word_1_357' title='bbox 218 4900 332 4966; x_wconf 88' lang='lat' dir='ltr'><strong>virtus</strong></span> <span class='ocrx_word' id='word_1_358' title='bbox 356 4907 416 4964; x_wconf 89' lang='lat' dir='ltr'><strong>tua</strong></span> <span class='ocrx_word' id='word_1_359' title='bbox 442 4895 549 4981; x_wconf 91' lang='lat' dir='ltr'><strong>aluit,</strong></span> <span class='ocrx_word' id='word_1_360' title='bbox 587 4920 693 4987; x_wconf 89' lang='lat' dir='ltr'><strong>quam</strong></span> <span class='ocrx_word' id='word_1_361' title='bbox 719 4897 758 4965; x_wconf 91' lang='lat' dir='ltr'><strong>in</strong></span> <span class='ocrx_word' id='word_1_362' title='bbox 784 4897 883 4967; x_wconf 91' lang='lat' dir='ltr'><strong>omni</strong></span> <span class='ocrx_word' id='word_1_363' title='bbox 910 4920 1035 4987; x_wconf 88' lang='lat' dir='ltr'><strong>genere</strong></span> <span class='ocrx_word' id='word_1_364' title='bbox 1061 4903 1211 4990; x_wconf 83' lang='lat' dir='ltr'><strong>cognovi</strong></span> 
     </span>
     <span class='ocr_line' id='line_1_45' title="bbox 219 4993 1210 5073; baseline 0.005 -5"><span class='ocrx_word' id='word_1_365' title='bbox 219 4998 384 5069; x_wconf 82' lang='lat' dir='ltr'><strong>eximiam</strong></span> <span class='ocrx_word' id='word_1_366' title='bbox 419 5018 503 5069; x_wconf 86' lang='lat' dir='ltr'><strong>esse.</strong></span> <span class='ocrx_word' id='word_1_367' title='bbox 553 4993 595 5064; x_wconf 93' lang='lat' dir='ltr'><strong>ld</strong></span> <span class='ocrx_word' id='word_1_368' title='bbox 628 5021 746 5066; x_wconf 88' lang='lat' dir='ltr'><strong>meum</strong></span> <span class='ocrx_word' id='word_1_369' title='bbox 778 5000 821 5067; x_wconf 92' lang='lat' dir='ltr'><strong>de</strong></span> <span class='ocrx_word' id='word_1_370' title='bbox 856 5011 889 5066; x_wconf 89' lang='lat' dir='ltr'><strong>te</strong></span> <span class='ocrx_word' id='word_1_371' title='bbox 924 4998 1095 5070; x_wconf 90' lang='lat' dir='ltr'><strong>iudicium</strong></span> <span class='ocrx_word' id='word_1_372' title='bbox 1131 5028 1210 5073; x_wconf 90' lang='lat' dir='ltr'><strong>cum</strong></span> 
     </span>
     <span class='ocr_line' id='line_1_46' title="bbox 218 5099 1210 5190; baseline 0.004 -21"><span class='ocrx_word' id='word_1_373' title='bbox 218 5125 294 5169; x_wconf 92' lang='lat' dir='ltr'><strong>non</strong></span> <span class='ocrx_word' id='word_1_374' title='bbox 318 5111 470 5181; x_wconf 91' lang='lat' dir='ltr'><strong>mutem,</strong></span> <span class='ocrx_word' id='word_1_375' title='bbox 496 5120 652 5167; x_wconf 88' lang='lat' dir='ltr'><strong>amorem</strong></span> <span class='ocrx_word' id='word_1_376' title='bbox 670 5099 783 5183; x_wconf 85' lang='lat' dir='ltr'><strong>¹etiam</strong></span> <span class='ocrx_word' id='word_1_377' title='bbox 810 5111 1020 5190; x_wconf 89' lang='lat' dir='ltr'><strong>perpetuum</strong></span> <span class='ocrx_word' id='word_1_378' title='bbox 1047 5102 1121 5171; x_wconf 89' lang='lat' dir='ltr'><strong>soce</strong></span> <span class='ocrx_word' id='word_1_379' title='bbox 1137 5128 1210 5173; x_wconf 92' lang='lat' dir='ltr'><strong>non</strong></span> 
     </span>
     <span class='ocr_line' id='line_1_47' title="bbox 219 5195 1212 5275; baseline 0.005 -7"><span class='ocrx_word' id='word_1_380' title='bbox 219 5201 370 5272; x_wconf 87' lang='lat' dir='ltr'><strong>dubites.</strong></span> <span class='ocrx_word' id='word_1_381' title='bbox 421 5195 500 5268; x_wconf 85' lang='lat' dir='ltr'><strong>Etsi</strong></span> <span class='ocrx_word' id='word_1_382' title='bbox 517 5211 633 5268; x_wconf 91' lang='lat' dir='ltr'><strong>autem</strong></span> <span class='ocrx_word' id='word_1_383' title='bbox 659 5201 949 5269; x_wconf 89' lang='lat' dir='ltr'><strong>consuetudinem</strong></span> <span class='ocrx_word' id='word_1_384' title='bbox 973 5217 1131 5273; x_wconf 89' lang='lat' dir='ltr'><strong>nostram</strong></span> <span class='ocrx_word' id='word_1_385' title='bbox 1154 5231 1212 5275; x_wconf 90' lang='lat' dir='ltr'><strong>ca-</strong></span> 
     </span>
     <span class='ocr_line' id='line_1_48' title="bbox 219 5300 1211 5392; baseline 0.005 -23"><span class='ocrx_word' id='word_1_386' title='bbox 219 5301 359 5369; x_wconf 89' lang='lat' dir='ltr'><strong>lamitas</strong></span> <span class='ocrx_word' id='word_1_387' title='bbox 377 5300 518 5389; x_wconf 89' lang='lat' dir='ltr'><strong>publica</strong></span> <span class='ocrx_word' id='word_1_388' title='bbox 532 5300 740 5392; x_wconf 86' lang='lat' dir='ltr'><strong>interrupit,</strong></span> <span class='ocrx_word' id='word_1_389' title='bbox 774 5315 893 5370; x_wconf 90' lang='lat' dir='ltr'><strong>tamen</strong></span> <span class='ocrx_word' id='word_1_390' title='bbox 914 5326 977 5392; x_wconf 89' lang='lat' dir='ltr'><strong>per</strong></span> <span class='ocrx_word' id='word_1_391' title='bbox 1000 5305 1118 5373; x_wconf 89' lang='lat' dir='ltr'><strong>literas</strong></span> <span class='ocrx_word' id='word_1_392' title='bbox 1139 5308 1211 5376; x_wconf 89' lang='lat' dir='ltr'><strong>col-</strong></span> 
     </span>
     <span class='ocr_line' id='line_1_49' title="bbox 221 5397 1211 5495; baseline 0.009 -26"><span class='ocrx_word' id='word_1_393' title='bbox 221 5401 322 5495; x_wconf 89' lang='lat' dir='ltr'><strong>loqui</strong></span> <span class='ocrx_word' id='word_1_394' title='bbox 347 5423 550 5492; x_wconf 88' lang='lat' dir='ltr'><strong>possumus‚</strong></span> <span class='ocrx_word' id='word_1_395' title='bbox 574 5403 687 5472; x_wconf 86' lang='lat' dir='ltr'><strong>donec</strong></span> <span class='ocrx_word' id='word_1_396' title='bbox 709 5403 746 5472; x_wconf 91' lang='lat' dir='ltr'><strong>in</strong></span> <span class='ocrx_word' id='word_1_397' title='bbox 773 5397 827 5471; x_wconf 90' lang='lat' dir='ltr'><strong>his</strong></span> <span class='ocrx_word' id='word_1_398' title='bbox 848 5402 935 5473; x_wconf 90' lang='lat' dir='ltr'><strong>locis</strong></span> <span class='ocrx_word' id='word_1_399' title='bbox 957 5409 1211 5492; x_wconf 86' lang='lat' dir='ltr'><strong>commorabor,</strong></span> 
     </span>
    </p>
   </div>
   <div class='ocr_carea' id='block_1_21' title="bbox 1253 1838 2253 2242">
    <p class='ocr_par' dir='ltr' id='par_1_21' title="bbox 1253 1838 2253 2242">
     <span class='ocr_line' id='line_1_50' title="bbox 1354 1838 2251 1932; baseline -0.004 -18"><span class='ocrx_word' id='word_1_400' title='bbox 1354 1846 1458 1916; x_wconf 89' lang='lat' dir='ltr'><strong>Nunc</strong></span> <span class='ocrx_word' id='word_1_401' title='bbox 1485 1848 1590 1932; x_wconf 89' lang='lat' dir='ltr'><strong>scito,</strong></span> <span class='ocrx_word' id='word_1_402' title='bbox 1631 1872 1688 1916; x_wconf 88' lang='lat' dir='ltr'><strong>me</strong></span> <span class='ocrx_word' id='word_1_403' title='bbox 1715 1846 1854 1916; x_wconf 87' lang='lat' dir='ltr'><strong>dedisse</strong></span> <span class='ocrx_word' id='word_1_404' title='bbox 1883 1838 2059 1916; x_wconf 81' lang='lat' dir='ltr'><strong>Conrado</strong></span> <span class='ocrx_word' id='word_1_405' title='bbox 2082 1841 2251 1915; x_wconf 85' lang='lat' dir='ltr'><strong>Notario</strong></span> 
     </span>
     <span class='ocr_line' id='line_1_51' title="bbox 1254 1943 2250 2041; baseline -0.006 -25"><span class='ocrx_word' id='word_1_406' title='bbox 1254 1943 1485 2016; x_wconf 88' lang='lat' dir='ltr'><strong>loachimicos</strong></span> <span class='ocrx_word' id='word_1_407' title='bbox 1507 1952 1595 2017; x_wconf 82' lang='lat' dir='ltr'><strong>daras</strong></span> <span class='ocrx_word' id='word_1_408' title='bbox 1616 1965 1650 2019; x_wconf 89' lang='lat' dir='ltr'><strong>et</strong></span> <span class='ocrx_word' id='word_1_409' title='bbox 1667 1949 1813 2038; x_wconf 76' lang='lat' dir='ltr'><strong>viginti,</strong></span> <span class='ocrx_word' id='word_1_410' title='bbox 1849 1973 1937 2041; x_wconf 88' lang='lat' dir='ltr'><strong>qnos</strong></span> <span class='ocrx_word' id='word_1_411' title='bbox 1953 1943 2167 2017; x_wconf 85' lang='lat' dir='ltr'><strong>Academiae</strong></span> <span class='ocrx_word' id='word_1_412' title='bbox 2183 1970 2250 2012; x_wconf 81' lang='lat' dir='ltr'><strong>nn-</strong></span> 
     </span>
     <span class='ocr_line' id='line_1_52' title="bbox 1253 2038 2253 2119; baseline -0.002 -3"><span class='ocrx_word' id='word_1_413' title='bbox 1253 2050 1349 2118; x_wconf 88' lang='lat' dir='ltr'><strong>miue</strong></span> <span class='ocrx_word' id='word_1_414' title='bbox 1367 2050 1433 2118; x_wconf 91' lang='lat' dir='ltr'><strong>tibi</strong></span> <span class='ocrx_word' id='word_1_415' title='bbox 1448 2045 1668 2118; x_wconf 85' lang='lat' dir='ltr'><strong>exhibiturus</strong></span> <span class='ocrx_word' id='word_1_416' title='bbox 1684 2063 1744 2117; x_wconf 86' lang='lat' dir='ltr'><strong>est.</strong></span> <span class='ocrx_word' id='word_1_417' title='bbox 1796 2047 1871 2118; x_wconf 88' lang='lat' dir='ltr'><strong>Etsi</strong></span> <span class='ocrx_word' id='word_1_418' title='bbox 1890 2064 2006 2119; x_wconf 89' lang='lat' dir='ltr'><strong>autem</strong></span> <span class='ocrx_word' id='word_1_419' title='bbox 2025 2038 2253 2117; x_wconf 80' lang='lat' dir='ltr'><strong>deConrndi</strong></span> 
     </span>
     <span class='ocr_line' id='line_1_53' title="bbox 1253 2150 2249 2242; baseline 0 -24"><span class='ocrx_word' id='word_1_420' title='bbox 1253 2152 1321 2219; x_wconf 88' lang='lat' dir='ltr'><strong>fide</strong></span> <span class='ocrx_word' id='word_1_421' title='bbox 1337 2174 1410 2219; x_wconf 89' lang='lat' dir='ltr'><strong>non</strong></span> <span class='ocrx_word' id='word_1_422' title='bbox 1427 2153 1570 2234; x_wconf 89' lang='lat' dir='ltr'><strong>dubito,</strong></span> <span class='ocrx_word' id='word_1_423' title='bbox 1597 2166 1715 2219; x_wconf 81' lang='lat' dir='ltr'><strong>tamen</strong></span> <span class='ocrx_word' id='word_1_424' title='bbox 1738 2175 1818 2218; x_wconf 90' lang='lat' dir='ltr'><strong>cum</strong></span> <span class='ocrx_word' id='word_1_425' title='bbox 1841 2150 2033 2242; x_wconf 89' lang='lat' dir='ltr'><strong>acceperis,</strong></span> <span class='ocrx_word' id='word_1_426' title='bbox 2059 2171 2190 2242; x_wconf 87' lang='lat' dir='ltr'><strong>quaeso</strong></span> <span class='ocrx_word' id='word_1_427' title='bbox 2209 2161 2249 2218; x_wconf 89' lang='lat' dir='ltr'><strong>ut</strong></span> 
     </span>
    </p>
   </div>
   <div class='ocr_carea' id='block_1_22' title="bbox 1252 2248 1933 2343">
    <p class='ocr_par' dir='ltr' id='par_1_22' title="bbox 1252 2248 1933 2343">
     <span class='ocr_line' id='line_1_54' title="bbox 1252 2248 1933 2343; baseline 0.004 -23"><span class='ocrx_word' id='word_1_428' title='bbox 1252 2248 1343 2320; x_wconf 88' lang='lat' dir='ltr'><strong>milri</strong></span> <span class='ocrx_word' id='word_1_429' title='bbox 1356 2252 1547 2343; x_wconf 87' lang='lat' dir='ltr'><strong>significes,</strong></span> <span class='ocrx_word' id='word_1_430' title='bbox 1574 2252 1641 2323; x_wconf 91' lang='lat' dir='ltr'><strong>tibi</strong></span> <span class='ocrx_word' id='word_1_431' title='bbox 1657 2248 1832 2321; x_wconf 88' lang='lat' dir='ltr'><strong>exhibitos</strong></span> <span class='ocrx_word' id='word_1_432' title='bbox 1849 2274 1933 2324; x_wconf 88' lang='lat' dir='ltr'><strong>esse.</strong></span> 
     </span>
    </p>
   </div>
   <div class='ocr_carea' id='block_1_23' title="bbox 1355 2378 2246 2469">
    <p class='ocr_par' dir='ltr' id='par_1_23' title="bbox 1355 2378 2246 2469">
     <span class='ocr_line' id='line_1_55' title="bbox 1355 2378 2246 2469; baseline -0.003 -16"><span class='ocrx_word' id='word_1_433' title='bbox 1355 2382 1452 2454; x_wconf 89' lang='lat' dir='ltr'><strong>Bene</strong></span> <span class='ocrx_word' id='word_1_434' title='bbox 1471 2386 1547 2455; x_wconf 74' lang='lat' dir='ltr'><strong>itale</strong></span> <span class='ocrx_word' id='word_1_435' title='bbox 1565 2400 1600 2456; x_wconf 88' lang='lat' dir='ltr'><strong>et</strong></span> <span class='ocrx_word' id='word_1_436' title='bbox 1614 2385 1777 2469; x_wconf 88' lang='lat' dir='ltr'><strong>rescribe,</strong></span> <span class='ocrx_word' id='word_1_437' title='bbox 1802 2384 1858 2455; x_wconf 90' lang='lat' dir='ltr'><strong>die</strong></span> <span class='ocrx_word' id='word_1_438' title='bbox 1876 2382 2037 2455; x_wconf 88' lang='lat' dir='ltr'><strong>Ianuarii</strong></span> <span class='ocrx_word' id='word_1_439' title='bbox 2057 2383 2114 2457; x_wconf 82' lang='lat'><strong>15.</strong></span> <span class='ocrx_word' id='word_1_440' title='bbox 2138 2378 2246 2453; x_wconf 80' lang='lat' dir='ltr'><strong>Anno</strong></span> 
     </span>
    </p>
   </div>
   <div class='ocr_carea' id='block_1_24' title="bbox 1256 2480 2200 2681">
    <p class='ocr_par' dir='ltr' id='par_1_24' title="bbox 1256 2480 2200 2681">
     <span class='ocr_line' id='line_1_56' title="bbox 1256 2480 2200 2681; baseline 0.002 -23"><span class='ocrx_word' id='word_1_441' title='bbox 1256 2480 1367 2555; x_wconf 47' lang='grc'><strong>1548.</strong></span> <span class='ocrx_word' id='word_1_442' title='bbox 1762 2582 1951 2681; x_wconf 90' lang='lat' dir='ltr'><strong>Philippus</strong></span> <span class='ocrx_word' id='word_1_443' title='bbox 1971 2578 2200 2660; x_wconf 86' lang='lat' dir='ltr'><strong>Melanthon.</strong></span> 
     </span>
    </p>
   </div>
   <div class='ocr_carea' id='block_1_25' title="bbox 1265 2835 1748 2853">
    <p class='ocr_par' dir='ltr' id='par_1_25' title="bbox 1265 2835 1748 2853">
     <span class='ocr_line' id='line_1_57' title="bbox 1265 2835 1748 2853; baseline 0.01 -10"><span class='ocrx_word' id='word_1_444' title='bbox 1265 2835 1398 2844; x_wconf 79' lang='grc'><strong>-.....-</strong></span> <span class='ocrx_word' id='word_1_445' title='bbox 1416 2838 1748 2853; x_wconf 62' lang='grc'><strong>-....,..-,..-,..</strong></span> 
     </span>
    </p>
   </div>
   <div class='ocr_carea' id='block_1_26' title="bbox 1267 3011 1466 3085">
    <p class='ocr_par' dir='ltr' id='par_1_26' title="bbox 1267 3011 1466 3085">
     <span class='ocr_line' id='line_1_58' title="bbox 1267 3011 1466 3085; baseline 0 -2"><span class='ocrx_word' id='word_1_446' title='bbox 1267 3011 1335 3083; x_wconf 88' lang='grc' dir='ltr'><strong>Νο.</strong></span> <span class='ocrx_word' id='word_1_447' title='bbox 1354 3012 1466 3085; x_wconf 72' lang='grc'><strong>4127.</strong></span> 
     </span>
    </p>
   </div>
   <div class='ocr_carea' id='block_1_27' title="bbox 1262 3108 1875 3296">
    <p class='ocr_par' dir='ltr' id='par_1_27' title="bbox 1262 3108 1875 3296">
     <span class='ocr_line' id='line_1_59' title="bbox 1262 3108 1473 3148; baseline 0 -6"><span class='ocrx_word' id='word_1_448' title='bbox 1262 3108 1473 3148; x_wconf 49' lang='grc' dir='ltr'><strong>Μ</strong></span> 
     </span>
     <span class='ocr_line' id='line_1_60' title="bbox 1636 3198 1875 3296; baseline 0.013 -3"><span class='ocrx_word' id='word_1_449' title='bbox 1636 3198 1875 3296; x_wconf 78' lang='lat' dir='ltr'><strong>Studiosis.</strong></span> 
     </span>
    </p>
   </div>
   <div class='ocr_carea' id='block_1_28' title="bbox 1242 3386 1825 3461">
    <p class='ocr_par' dir='ltr' id='par_1_28' title="bbox 1242 3386 1825 3467">
     <span class='ocr_line' id='line_1_61' title="bbox 1242 3386 1825 3461; baseline 0.019 -26"><span class='ocrx_word' id='word_1_450' title='bbox 1242 3414 1255 3435; x_wconf 74' lang='grc'><strong>.</strong></span> <span class='ocrx_word' id='word_1_451' title='bbox 1325 3387 1431 3457; x_wconf 81' lang='lat' dir='ltr'><strong>Scripta</strong></span> <span class='ocrx_word' id='word_1_452' title='bbox 1446 3386 1522 3459; x_wconf 88' lang='lat' dir='ltr'><strong>publ.</strong></span> <span class='ocrx_word' id='word_1_453' title='bbox 1536 3386 1662 3443; x_wconf 85' lang='lat' dir='ltr'><strong>Witteb.</strong></span> <span class='ocrx_word' id='word_1_454' title='bbox 1680 3388 1702 3444; x_wconf 83' lang='lat' dir='ltr'>L</span> <span class='ocrx_word' id='word_1_455' title='bbox 1722 3408 1749 3461; x_wconf 87' lang='lat' dir='ltr'><strong>p·</strong></span> <span class='ocrx_word' id='word_1_456' title='bbox 1763 3388 1825 3446; x_wconf 78' lang='lat'><strong>200.</strong></span> 
     </span>
    </p>
   </div>
   <div class='ocr_carea' id='block_1_29' title="bbox 1295 3539 2214 3649">
    <p class='ocr_par' dir='ltr' id='par_1_29' title="bbox 1295 3539 2214 3649">
     <span class='ocr_line' id='line_1_62' title="bbox 1295 3539 2214 3649; baseline 0.011 -35"><span class='ocrx_word' id='word_1_457' title='bbox 1295 3539 1555 3641; x_wconf 78' lang='lat' dir='ltr'><strong>Philippus</strong></span> <span class='ocrx_word' id='word_1_458' title='bbox 1583 3539 1869 3619; x_wconf 77' lang='lat' dir='ltr'><strong>Melanthea</strong></span> <span class='ocrx_word' id='word_1_459' title='bbox 1896 3545 1969 3643; x_wconf 85' lang='lat' dir='ltr'><strong>(ad</strong></span> <span class='ocrx_word' id='word_1_460' title='bbox 1988 3545 2214 3649; x_wconf 78' lang='lat' dir='ltr'><strong>studiosos).</strong></span> 
     </span>
    </p>
   </div>
   <div class='ocr_carea' id='block_1_30' title="bbox 1234 3678 2246 3791">
    <p class='ocr_par' dir='ltr' id='par_1_30' title="bbox 1234 3678 2246 3791">
     <span class='ocr_line' id='line_1_63' title="bbox 1234 3678 2246 3791; baseline 0.009 -30"><span class='ocrx_word' id='word_1_461' title='bbox 1234 3774 1236 3779; x_wconf 21' lang='lat'><strong><em>¹</em></strong></span> <span class='ocrx_word' id='word_1_462' title='bbox 1259 3678 1363 3764; x_wconf 88' lang='lat' dir='ltr'><strong>Sicut</strong></span> <span class='ocrx_word' id='word_1_463' title='bbox 1379 3697 1595 3764; x_wconf 86' lang='lat' dir='ltr'><strong>consuetudo</strong></span> <span class='ocrx_word' id='word_1_464' title='bbox 1613 3696 1698 3780; x_wconf 82' lang='lat' dir='ltr'><strong>suit,</strong></span> <span class='ocrx_word' id='word_1_465' title='bbox 1720 3697 1845 3788; x_wconf 89' lang='lat' dir='ltr'><strong>partiri</strong></span> <span class='ocrx_word' id='word_1_466' title='bbox 1860 3693 1928 3779; x_wconf 77' lang='grc' dir='ltr'><strong>τὰς</strong></span> <span class='ocrx_word' id='word_1_467' title='bbox 1940 3692 2178 3791; x_wconf 75' lang='grc' dir='ltr'><strong><em>ἑβδομάδας,</em></strong></span> <span class='ocrx_word' id='word_1_468' title='bbox 2203 3699 2246 3770; x_wconf 81' lang='lat' dir='ltr'><strong>iu</strong></span> 
     </span>
    </p>
   </div>
   <div class='ocr_carea' id='block_1_31' title="bbox 1259 3794 2245 5309">
    <p class='ocr_par' dir='ltr' id='par_1_31' title="bbox 1259 3794 2245 5309">
     <span class='ocr_line' id='line_1_64' title="bbox 1259 3794 2244 3890; baseline 0.007 -26"><span class='ocrx_word' id='word_1_469' title='bbox 1259 3797 1424 3886; x_wconf 90' lang='lat' dir='ltr'><strong>deinceps</strong></span> <span class='ocrx_word' id='word_1_470' title='bbox 1448 3794 1599 3863; x_wconf 90' lang='lat' dir='ltr'><strong>biduum</strong></span> <span class='ocrx_word' id='word_1_471' title='bbox 1624 3798 1778 3866; x_wconf 90' lang='lat' dir='ltr'><strong>tribuam</strong></span> <span class='ocrx_word' id='word_1_472' title='bbox 1804 3799 2008 3890; x_wconf 88' lang='lat' dir='ltr'><strong>repetitioni</strong></span> <span class='ocrx_word' id='word_1_473' title='bbox 2028 3796 2244 3871; x_wconf 63' lang='lat' dir='ltr'><strong>Dmteettecs</strong></span> 
     </span>
     <span class='ocr_line' id='line_1_65' title="bbox 1260 3896 2245 3997; baseline 0.005 -32"><span class='ocrx_word' id='word_1_474' title='bbox 1260 3909 1295 3967; x_wconf 87' lang='lat' dir='ltr'><strong>et</strong></span> <span class='ocrx_word' id='word_1_475' title='bbox 1318 3897 1441 3964; x_wconf 87' lang='lat' dir='ltr'><strong>libello</strong></span> <span class='ocrx_word' id='word_1_476' title='bbox 1466 3896 1603 3985; x_wconf 56' lang='lat' dir='ltr'><strong>r‘crlgari</strong></span> <span class='ocrx_word' id='word_1_477' title='bbox 1626 3896 1785 3966; x_wconf 82' lang='lat' dir='ltr'><strong>Horatii</strong></span> <span class='ocrx_word' id='word_1_478' title='bbox 1805 3902 1849 3967; x_wconf 87' lang='lat' dir='ltr'><strong>de</strong></span> <span class='ocrx_word' id='word_1_479' title='bbox 1871 3896 1959 3969; x_wconf 89' lang='lat' dir='ltr'><strong>Arte</strong></span> <span class='ocrx_word' id='word_1_480' title='bbox 1978 3899 2146 3988; x_wconf 74' lang='lat' dir='ltr'><strong>Potitios,</strong></span> <span class='ocrx_word' id='word_1_481' title='bbox 2170 3901 2245 3997; x_wconf 85' lang='lat' dir='ltr'><strong>qnia</strong></span> 
     </span>
     <span class='ocr_line' id='line_1_66' title="bbox 1259 3998 2244 4095; baseline 0.005 -29"><span class='ocrx_word' id='word_1_482' title='bbox 1259 4020 1463 4066; x_wconf 85' lang='lat' dir='ltr'><strong>comnuures</strong></span> <span class='ocrx_word' id='word_1_483' title='bbox 1478 4001 1646 4087; x_wconf 86' lang='lat' dir='ltr'><strong>quasdam</strong></span> <span class='ocrx_word' id='word_1_484' title='bbox 1662 4000 1799 4086; x_wconf 83' lang='lat' dir='ltr'><strong>regulas</strong></span> <span class='ocrx_word' id='word_1_485' title='bbox 1818 3998 1992 4085; x_wconf 87' lang='lat' dir='ltr'><strong>continet,</strong></span> <span class='ocrx_word' id='word_1_486' title='bbox 2017 3998 2110 4095; x_wconf 84' lang='lat' dir='ltr'><strong>quae</strong></span> <span class='ocrx_word' id='word_1_487' title='bbox 2126 4017 2244 4075; x_wconf 89' lang='lat' dir='ltr'><strong>utcun-</strong></span> 
     </span>
     <span class='ocr_line' id='line_1_67' title="bbox 1260 4099 2244 4191; baseline 0.008 -24"><span class='ocrx_word' id='word_1_488' title='bbox 1260 4121 1328 4191; x_wconf 92' lang='lat' dir='ltr'><strong>que</strong></span> <span class='ocrx_word' id='word_1_489' title='bbox 1345 4099 1665 4170; x_wconf 84' lang='lat' dir='ltr'><strong>commonefaciunt</strong></span> <span class='ocrx_word' id='word_1_490' title='bbox 1676 4102 1852 4171; x_wconf 85' lang='lat' dir='ltr'><strong>&#39;discentes</strong></span> <span class='ocrx_word' id='word_1_491' title='bbox 1867 4115 1901 4172; x_wconf 88' lang='lat' dir='ltr'><strong>et</strong></span> <span class='ocrx_word' id='word_1_492' title='bbox 1914 4103 2109 4177; x_wconf 90' lang='lat' dir='ltr'><strong>scribentes</strong></span> <span class='ocrx_word' id='word_1_493' title='bbox 2130 4108 2174 4176; x_wconf 90' lang='lat' dir='ltr'><strong>de</strong></span> <span class='ocrx_word' id='word_1_494' title='bbox 2191 4128 2244 4175; x_wconf 85' lang='lat' dir='ltr'><strong>or·</strong></span> 
     </span>
     <span class='ocr_line' id='line_1_68' title="bbox 1260 4198 2244 4292; baseline 0.005 -23"><span class='ocrx_word' id='word_1_495' title='bbox 1260 4201 1343 4269; x_wconf 90' lang='lat' dir='ltr'><strong>dine</strong></span> <span class='ocrx_word' id='word_1_496' title='bbox 1364 4212 1396 4267; x_wconf 93' lang='lat' dir='ltr'><strong>et</strong></span> <span class='ocrx_word' id='word_1_497' title='bbox 1414 4198 1616 4267; x_wconf 88' lang='lat' dir='ltr'><strong>discrimine</strong></span> <span class='ocrx_word' id='word_1_498' title='bbox 1633 4225 1862 4292; x_wconf 90' lang='lat' dir='ltr'><strong>personarum</strong></span> <span class='ocrx_word' id='word_1_499' title='bbox 1883 4219 1918 4274; x_wconf 89' lang='lat' dir='ltr'><strong>et</strong></span> <span class='ocrx_word' id='word_1_500' title='bbox 1936 4205 2089 4277; x_wconf 87' lang='lat' dir='ltr'><strong>aliarum</strong></span> <span class='ocrx_word' id='word_1_501' title='bbox 2104 4206 2244 4278; x_wconf 83' lang='lat' dir='ltr'><strong>circum·</strong></span> 
     </span>
     <span class='ocr_line' id='line_1_69' title="bbox 1260 4300 2242 4394; baseline 0.006 -25"><span class='ocrx_word' id='word_1_502' title='bbox 1260 4300 1468 4371; x_wconf 86' lang='lat' dir='ltr'><strong>stantiarum</strong></span> <span class='ocrx_word' id='word_1_503' title='bbox 1487 4303 1680 4375; x_wconf 88' lang='lat' dir='ltr'><strong>servandis.</strong></span> <span class='ocrx_word' id='word_1_504' title='bbox 1732 4302 1898 4373; x_wconf 86' lang='lat' dir='ltr'><strong>Proximo</strong></span> <span class='ocrx_word' id='word_1_505' title='bbox 1916 4305 2025 4394; x_wconf 85' lang='lat' dir='ltr'><strong>igitur</strong></span> <span class='ocrx_word' id='word_1_506' title='bbox 2048 4307 2108 4377; x_wconf 89' lang='lat' dir='ltr'><strong>die</strong></span> <span class='ocrx_word' id='word_1_507' title='bbox 2120 4306 2242 4389; x_wconf 83' lang='lat' dir='ltr'><strong>Lunae,</strong></span> 
     </span>
     <span class='ocr_line' id='line_1_70' title="bbox 1260 4400 2241 4496; baseline 0.006 -24"><span class='ocrx_word' id='word_1_508' title='bbox 1260 4402 1336 4473; x_wconf 90' lang='lat' dir='ltr'><strong>Deo</strong></span> <span class='ocrx_word' id='word_1_509' title='bbox 1367 4400 1528 4483; x_wconf 89' lang='lat' dir='ltr'><strong>iuvante,</strong></span> <span class='ocrx_word' id='word_1_510' title='bbox 1565 4402 1734 4494; x_wconf 87' lang='lat' dir='ltr'><strong>incipiam</strong></span> <span class='ocrx_word' id='word_1_511' title='bbox 1763 4406 2009 4496; x_wconf 90' lang='lat' dir='ltr'><strong>repetitionem</strong></span> <span class='ocrx_word' id='word_1_512' title='bbox 2034 4406 2241 4481; x_wconf 85' lang='lat' dir='ltr'><strong>Dialectices.</strong></span> 
     </span>
     <span class='ocr_line' id='line_1_71' title="bbox 1261 4497 2242 4601; baseline 0.003 -29"><span class='ocrx_word' id='word_1_513' title='bbox 1261 4501 1309 4572; x_wconf 84' lang='lat' dir='ltr'><strong>Et</strong></span> <span class='ocrx_word' id='word_1_514' title='bbox 1330 4503 1449 4571; x_wconf 90' lang='lat' dir='ltr'><strong>eadem</strong></span> <span class='ocrx_word' id='word_1_515' title='bbox 1475 4497 1582 4585; x_wconf 91' lang='lat' dir='ltr'><strong>hora,</strong></span> <span class='ocrx_word' id='word_1_516' title='bbox 1622 4521 1662 4576; x_wconf 92' lang='lat' dir='ltr'><strong>ut</strong></span> <span class='ocrx_word' id='word_1_517' title='bbox 1690 4507 1900 4577; x_wconf 89' lang='lat' dir='ltr'><strong>eruditiores</strong></span> <span class='ocrx_word' id='word_1_518' title='bbox 1927 4509 2071 4601; x_wconf 85' lang='lat' dir='ltr'><strong>aliquod</strong></span> <span class='ocrx_word' id='word_1_519' title='bbox 2103 4505 2242 4580; x_wconf 79' lang='lat' dir='ltr'><strong>habeant</strong></span> 
     </span>
     <span class='ocr_line' id='line_1_72' title="bbox 1262 4603 2243 4705; baseline 0.003 -33"><span class='ocrx_word' id='word_1_520' title='bbox 1262 4605 1469 4684; x_wconf 88' lang='lat' dir='ltr'><strong>exercitum,</strong></span> <span class='ocrx_word' id='word_1_521' title='bbox 1512 4605 1701 4696; x_wconf 89' lang='lat' dir='ltr'><strong>adiungam</strong></span> <span class='ocrx_word' id='word_1_522' title='bbox 1740 4610 2068 4699; x_wconf 88' lang='lat' dir='ltr'><strong>interpretationem</strong></span> <span class='ocrx_word' id='word_1_523' title='bbox 2103 4603 2243 4705; x_wconf 79' lang='lat' dir='ltr'><strong>Orgoai</strong></span> 
     </span>
     <span class='ocr_line' id='line_1_73' title="bbox 1263 4703 2242 4804; baseline 0.005 -30"><span class='ocrx_word' id='word_1_524' title='bbox 1263 4703 1397 4774; x_wconf 89' lang='lat' dir='ltr'><strong>Graece</strong></span> <span class='ocrx_word' id='word_1_525' title='bbox 1422 4704 1560 4792; x_wconf 89' lang='lat' dir='ltr'><strong>scripti,</strong></span> <span class='ocrx_word' id='word_1_526' title='bbox 1594 4708 1656 4776; x_wconf 91' lang='lat' dir='ltr'><strong>uhi</strong></span> <span class='ocrx_word' id='word_1_527' title='bbox 1679 4708 1850 4778; x_wconf 87' lang='lat' dir='ltr'><strong>videbunt</strong></span> <span class='ocrx_word' id='word_1_528' title='bbox 1873 4710 2051 4796; x_wconf 75' lang='lat' dir='ltr'><strong>studiosi,</strong></span> <span class='ocrx_word' id='word_1_529' title='bbox 2086 4737 2164 4783; x_wconf 91' lang='lat' dir='ltr'><strong>non</strong></span> <span class='ocrx_word' id='word_1_530' title='bbox 2180 4713 2242 4804; x_wconf 84' lang='lat' dir='ltr'><strong>spi·</strong></span> 
     </span>
     <span class='ocr_line' id='line_1_74' title="bbox 1263 4803 2240 4891; baseline 0.013 -18"><span class='ocrx_word' id='word_1_531' title='bbox 1263 4828 1384 4875; x_wconf 87' lang='lat' dir='ltr'><strong>nesam</strong></span> <span class='ocrx_word' id='word_1_532' title='bbox 1400 4830 1472 4874; x_wconf 90' lang='lat' dir='ltr'><strong>esse</strong></span> <span class='ocrx_word' id='word_1_533' title='bbox 1486 4803 1697 4876; x_wconf 79' lang='lat' dir='ltr'><strong>Aristotelis</strong></span> <span class='ocrx_word' id='word_1_534' title='bbox 1712 4806 1944 4891; x_wconf 89' lang='lat' dir='ltr'><strong>Dialecticen,</strong></span> <span class='ocrx_word' id='word_1_535' title='bbox 1970 4836 2052 4883; x_wconf 88' lang='lat' dir='ltr'><strong>cum</strong></span> <span class='ocrx_word' id='word_1_536' title='bbox 2074 4831 2240 4885; x_wconf 76' lang='lat' dir='ltr'><strong>auctorem</strong></span> 
     </span>
     <span class='ocr_line' id='line_1_75' title="bbox 1262 4906 2242 5009; baseline 0.014 -34"><span class='ocrx_word' id='word_1_537' title='bbox 1262 4908 1377 4997; x_wconf 92' lang='lat' dir='ltr'><strong>ipsum</strong></span> <span class='ocrx_word' id='word_1_538' title='bbox 1394 4906 1527 4994; x_wconf 87' lang='lat' dir='ltr'><strong>legent;</strong></span> <span class='ocrx_word' id='word_1_539' title='bbox 1554 4913 1613 4976; x_wconf 87' lang='lat' dir='ltr'><strong>sed</strong></span> <span class='ocrx_word' id='word_1_540' title='bbox 1631 4911 1748 4998; x_wconf 86' lang='lat' dir='ltr'><strong>spinas</strong></span> <span class='ocrx_word' id='word_1_541' title='bbox 1763 4911 1877 4999; x_wconf 84' lang='lat' dir='ltr'><strong>longis</strong></span> <span class='ocrx_word' id='word_1_542' title='bbox 1891 4927 1926 4983; x_wconf 89' lang='lat' dir='ltr'><strong>et</strong></span> <span class='ocrx_word' id='word_1_543' title='bbox 1950 4912 2129 4988; x_wconf 88' lang='lat' dir='ltr'><strong>intricatis</strong></span> <span class='ocrx_word' id='word_1_544' title='bbox 2149 4939 2242 5009; x_wconf 79' lang='lat' dir='ltr'><strong>expo·</strong></span> 
     </span>
     <span class='ocr_line' id='line_1_76' title="bbox 1262 5007 2243 5107; baseline 0.01 -30"><span class='ocrx_word' id='word_1_545' title='bbox 1262 5007 1451 5079; x_wconf 87' lang='lat' dir='ltr'><strong>sitionibus</strong></span> <span class='ocrx_word' id='word_1_546' title='bbox 1465 5009 1609 5079; x_wconf 88' lang='lat' dir='ltr'><strong>aliunde</strong></span> <span class='ocrx_word' id='word_1_547' title='bbox 1626 5012 1772 5083; x_wconf 90' lang='lat' dir='ltr'><strong>iniectas</strong></span> <span class='ocrx_word' id='word_1_548' title='bbox 1789 5037 1872 5086; x_wconf 90' lang='lat' dir='ltr'><strong>esse.</strong></span> <span class='ocrx_word' id='word_1_549' title='bbox 1923 5009 2005 5087; x_wconf 85' lang='lat' dir='ltr'><strong>Erit</strong></span> <span class='ocrx_word' id='word_1_550' title='bbox 2020 5016 2132 5107; x_wconf 86' lang='lat' dir='ltr'><strong>igitur</strong></span> <span class='ocrx_word' id='word_1_551' title='bbox 2147 5018 2243 5089; x_wconf 86' lang='lat' dir='ltr'><strong>inter·</strong></span> 
     </span>
     <span class='ocr_line' id='line_1_77' title="bbox 1264 5108 2242 5207; baseline 0.012 -28"><span class='ocrx_word' id='word_1_552' title='bbox 1264 5108 1410 5200; x_wconf 88' lang='lat' dir='ltr'><strong>pretatio</strong></span> <span class='ocrx_word' id='word_1_553' title='bbox 1433 5108 1580 5201; x_wconf 85' lang='lat' dir='ltr'><strong>simplex</strong></span> <span class='ocrx_word' id='word_1_554' title='bbox 1605 5126 1639 5182; x_wconf 90' lang='lat' dir='ltr'><strong>et</strong></span> <span class='ocrx_word' id='word_1_555' title='bbox 1660 5115 1777 5205; x_wconf 88' lang='lat' dir='ltr'><strong>plana.</strong></span> <span class='ocrx_word' id='word_1_556' title='bbox 1836 5114 2039 5207; x_wconf 85' lang='lat' dir='ltr'><strong>Proprietas</strong></span> <span class='ocrx_word' id='word_1_557' title='bbox 2064 5120 2242 5191; x_wconf 82' lang='lat' dir='ltr'><strong>verborum</strong></span> 
     </span>
     <span class='ocr_line' id='line_1_78' title="bbox 1263 5210 2243 5309; baseline 0.009 -29"><span class='ocrx_word' id='word_1_558' title='bbox 1263 5233 1364 5301; x_wconf 90' lang='lat' dir='ltr'><strong>saepe</strong></span> <span class='ocrx_word' id='word_1_559' title='bbox 1397 5210 1617 5283; x_wconf 89' lang='lat' dir='ltr'><strong>occasionem</strong></span> <span class='ocrx_word' id='word_1_560' title='bbox 1652 5218 1797 5306; x_wconf 91' lang='lat' dir='ltr'><strong>praebet</strong></span> <span class='ocrx_word' id='word_1_561' title='bbox 1829 5216 2014 5309; x_wconf 89' lang='lat' dir='ltr'><strong>interpreti</strong></span> <span class='ocrx_word' id='word_1_562' title='bbox 2045 5220 2190 5291; x_wconf 84' lang='lat' dir='ltr'><strong>dicendi</strong></span> <span class='ocrx_word' id='word_1_563' title='bbox 2206 5220 2243 5299; x_wconf 77' lang='lat' dir='ltr'><strong>de</strong></span> 
     </span>
    </p>
   </div>
   <div class='ocr_carea' id='block_1_32' title="bbox 1262 5312 2244 5486">
    <p class='ocr_par' dir='ltr' id='par_1_32' title="bbox 1262 5312 2244 5486">
     <span class='ocr_line' id='line_1_79' title="bbox 1262 5312 2244 5483; baseline 0.011 -103"><span class='ocrx_word' id='word_1_564' title='bbox 1262 5312 1382 5483; x_wconf 71' lang='lat' dir='ltr'><strong>pliquo</strong></span> <span class='ocrx_word' id='word_1_565' title='bbox 1399 5313 1588 5399; x_wconf 87' lang='lat' dir='ltr'><strong>vocabulo,</strong></span> <span class='ocrx_word' id='word_1_566' title='bbox 1607 5320 1709 5409; x_wconf 85' lang='lat' dir='ltr'><strong>‘qaod</strong></span> <span class='ocrx_word' id='word_1_567' title='bbox 1736 5339 1900 5409; x_wconf 88' lang='lat' dir='ltr'><strong>magnam</strong></span> <span class='ocrx_word' id='word_1_568' title='bbox 1923 5321 2036 5391; x_wconf 89' lang='lat' dir='ltr'><strong>lucem</strong></span> <span class='ocrx_word' id='word_1_569' title='bbox 2058 5325 2171 5397; x_wconf 78' lang='lat' dir='ltr'><strong>textui</strong></span> <span class='ocrx_word' id='word_1_570' title='bbox 2192 5323 2244 5393; x_wconf 89' lang='lat' dir='ltr'><strong>ad·</strong></span> 
     </span>
     <span class='ocr_line' id='line_1_80' title="bbox 1277 5428 1340 5486; baseline 0.032 -3"><span class='ocrx_word' id='word_1_571' title='bbox 1277 5428 1340 5486; x_wconf 88' lang='lat' dir='ltr'><strong>ert.</strong></span> 
     </span>
    </p>
   </div>
   <div class='ocr_carea' id='block_1_33' title="bbox 0 0 2461 6420">
    <p class='ocr_par' dir='ltr' id='par_1_33' title="bbox 0 0 2461 6420">
     <span class='ocr_line' id='line_1_81' title="bbox 0 0 2461 6420; baseline 0 0"><span class='ocrx_word' id='word_1_572' title='bbox 0 0 2461 6420; x_wconf 95' lang='lat' dir='ltr'><strong> </strong></span> 
     </span>
    </p>
   </div>
  </div>
 </body>
</html>
