4882 6426
197 372 274 450 cca
783 358 1438 458 uersrouauuatn1a.x.
1490 376 1620 459 1647.
2157 382 2264 461 tac.

202 580 295 632 nem.
346 553 438 626 Nam
453 542 602 625 Carolus
615 545 815 642 Imperator
826 550 971 621 mandat
982 547 1191 619 Norimher-
1239 572 1318 619 reos
1331 551 1487 641 postulat
1502 552 1630 622 mulier
1644 565 1789 645 propter
1805 558 2018 641 cessionem,
2048 554 2087 625 id
2103 559 2232 628 absur-

205 662 304 751 gcnsi
324 658 490 737 Senatui,
523 669 563 726 ut
584 653 726 723 eiiciant
740 644 973 722 Osiondrum
997 663 1031 722 et
1049 644 1095 725 V
1091 648 1193 731 t'tmn,
1241 653 1326 720 dum
1344 664 1411 737 est,
1445 666 1478 722 et
1496 667 1687 747 utrumque
1703 669 1805 747 turpe
1821 670 1890 740 est,
1922 658 2005 725 dare
2023 671 2056 727 et
2072 660 2231 751 accipere

87 788 90 793 ·
206 776 242 832 et
261 760 429 857 Synodus
454 754 666 826 Tridentina
699 752 811 822 edidit
830 752 979 844 impium
1013 754 1192 823 decretum
1239 755 1528 844 eampecuniam.
1580 751 1695 824 Credo
1710 751 1756 847 ¹),
1791 759 2018 848 quantumin
2036 755 2102 829 liae
2120 763 2229 831 veteri

205 875 328 932 contra
344 858 541 930 doctrinam
550 880 667 925 veram
684 856 727 924 de
743 853 998 928 iustificatione.
1037 852 1113 925 Cur
1127 854 1194 942 igi-
1239 869 1273 924 et
1287 855 1449 925 intricata
1466 878 1567 925 causa
1580 857 1704 936 video,
1732 859 1858 927 melius
1875 882 1966 942 esse,
1990 874 2030 929 ut
2044 863 2229 952 permitta-

206 978 266 1034 tur
281 986 376 1032 arma
394 962 438 1029 ab
455 957 664 1027 adversariis
680 970 793 1025 sumta
810 955 893 1034 sint,
915 980 972 1024 res
987 956 1062 1045 ipsa
1076 969 1193 1025 osten·
1239 971 1298 1026 tur
1318 953 1527 1037 Vincentio,
1561 970 1601 1025 ut
1614 959 1767 1028 retineat
1781 963 1991 1045 secundam,
2022 975 2057 1031 et
2074 963 2227 1054 publici,

207 1066 278 1146 dit,
317 1086 406 1156 quos
428 1058 546 1144 Deus,
586 1071 748 1126 aeternus
782 1070 881 1147 pater
914 1057 1051 1125 domini
1082 1057 1194 1124 nostri
1239 1058 1448 1126 ceremoniis
1463 1058 1603 1149 nuptias
1619 1057 1811 1129 confirmet.
1851 1059 1953 1130 Hanc
1965 1086 2079 1131 meam
2093 1065 2227 1154 episto·

207 1163 313 1247 I.C.,
337 1162 524 1254 reprimat,
560 1159 617 1226 cui
643 1158 770 1247 gratias
795 1180 876 1244 ago,
908 1160 1004 1250 quod
1031 1158 1194 1247 repressit
1238 1160 1308 1227 lam
1327 1172 1510 1250 quaesout
1526 1159 1824 1230 boniconsulatis.
1876 1161 2009 1254 Scripsi
2026 1165 2228 1235 miscricor-

205 1259 455 1335 Marrhionem
480 1255 669 1327 Albertum
686 1255 740 1354 *),
774 1257 836 1350 qui
857 1271 1102 1347 argumentum
1127 1258 1194 1328 erit
1239 1260 1296 1328 dia
1321 1283 1512 1350 parvorum
1541 1285 1734 1351 puerorum
1762 1276 1880 1332 motus
1912 1276 1947 1334 et
1975 1264 2035 1355 pia
2057 1288 2161 1336 causa
2181 1250 2226 1362 ¹).

206 1365 335 1436 veteris
348 1361 513 1431 versiculi
527 1353 602 1453 “).
1088 1404 1099 1436 ,
1237 1358 1334 1430 Bene
1351 1361 1439 1433 vale,
1471 1358 1538 1430 Die
1555 1368 1588 1434 5,
1601 1360 1727 1433 Martii
1745 1359 1855 1437 1547·

308 1463 376 1534 Fui
386 1460 676 1548 Wittenbergae,
701 1472 742 1529 nt
761 1460 946 1527 cuderetur
964 1456 1055 1528 ldser
1069 1453 1195 1527 Menc'r'

205 1568 250 1635 de
267 1563 483 1645 defensione,
508 1583 612 1654 quem
628 1559 732 1648 legia
748 1573 781 1629 te
797 1572 941 1650 propter
955 1555 1192 1630 historiast-c-

204 1666 280 1739 lim.
329 1662 498 1733 Nondum
515 1684 556 1729 eo
571 1662 759 1728 transferre
771 1659 938 1727 familiam
951 1685 1090 1749 possum
1109 1685 1191 1751 pro·
1236 1703 1290 1774 No
1317 1703 1418 1775 3768

204 1782 283 1858 ptcr
296 1764 422 1834 febrim
437 1785 565 1853 parvae
581 1762 733 1849 puellae,
765 1760 828 1827 lilii
848 1755 986 1829 Sabini
991 1790 1005 1838 ,-
1036 1762 1095 1828 scd
1113 1759 1189 1829 Deo
1242 1755 1432 1828 ,ὲκ-ι’

206 1867 350 1937 iuvante
363 1863 463 1933 brevi
482 1886 523 1931 eo
538 1862 673 1930 redibo.
723 1857 929 1951 Nuncffige.
946 1886 1027 1951 pam
1047 1853 1127 1952 m)
1151 1862 1189 1929 in
1439 1934 1442 1939 ,
1603 1871 1655 1959 G·
1675 1876 1849 1964 Maiori·

207 1983 420 2075 quibusdam
436 1977 552 2048 rebus.
583 1975 618 2046 5.
634 1972 741 2047 Mart.
1305 2029 1392 2104 ΕΜ,
1410 2031 1457 2088 gg,
1470 2035 1505 2087 v,
1522 2051 1549 2104 ρ,
1560 2034 1612 2088 343
1623 2055 1665 2107 ,sp

1310 2179 1486 2282 Georgi
1492 2213 1513 2259 ο
1534 2185 1594 2258 Μ
1595 2217 1620 2260 a
1632 2172 1731 2264 lori
1757 2193 1852 2292 (tum
1874 2193 2148 2299 Mergdcburgc')

202 2364 399 2440 Nagffip0
756 2361 760 2371 ·
1059 2372 1189 2443 ΗΜ.
1235 2315 1282 2405 S
1307 2329 1352 2406 D.
1405 2334 1567 2422 Quorum
1584 2341 1739 2411 artificiis
1754 2345 1791 2411 in
1807 2339 1863 2414 his
1877 2349 1980 2417 terris
1997 2348 2225 2439 cognatiDrt-

207 2460 379 2492 nom
1062 2465 1187 2491 Μ·
1211 2469 1217 2589 Ι
1237 2459 1292 2503 ces
1315 2436 1492 2504 commissi
1516 2438 1608 2522 sint,
1647 2439 1682 2511 οἱ
1704 2447 2023 2541 συγκρουσθίνῑες
2048 2467 2099 2532 et,
2137 2479 2222 2525 cum

522 2543 625 2655 Cplg
660 2545 874 2633 Figchero·
1168 2618 1171 2623 Ι
1235 2535 1403 2620 sciamus,
1434 2541 1674 2630 tranquilliori
1695 2547 1815 2615 auimo
1838 2549 1990 2620 feramus
2012 2548 2097 2623 haec
2114 2559 2224 2643 mala,

468 2718 474 2734 .
996 2686 1001 2690 -
1237 2636 1273 2706 in
1293 2637 1421 2729 quibus
1438 2660 1569 2707 sumus.
1618 2640 1700 2712 Non
1716 2669 1800 2730 nos,
1836 2651 1897 2718 sed
1920 2650 1972 2718 illi
1989 2654 2108 2723 miseri
2124 2670 2224 2744 sunt,

270 2729 290 2795 ᾖ
310 2724 348 2777 Er
360 2720 531 2775 collectione
542 2719 671 2774 Ballcnst.
689 2720 752 2776 Vol.
767 2721 788 2776 l.
806 2738 834 2791 p.
847 2721 890 2776 24.
914 2721 1053 2791 (Balleurt.
1069 2742 1127 2779 eam
1143 2726 1188 2780 de·

302 2791 407 2862 scripsit
419 2809 449 2843 ex
464 2787 630 2860 autographo
644 2787 731 2857 Met).
1235 2737 1372 2806 etiarnsi
1389 2739 1580 2813 vincerent.
1617 2739 1677 2858 'Et
1694 2758 1811 2816 tamen
1826 2773 1944 2840 spero,
1969 2750 2084 2823 Deum
2099 2757 2226 2828 vindi-

1235 2861 1309 2905 cem
1332 2838 1408 2906 sore
1430 2862 1512 2908 suae
1536 2842 1679 2928 gloriae.
1746 2843 1839 2918 Edct
1860 2864 1979 2920 contra
2003 2851 2223 2946 Epicuraeos

227 2959 439 3036 [oham
462 2954 694 3032 Fischgro
721 2953 888 3051 (passorg
907 2963 947 3032 ,ἠ
966 2962 1164 3064 ngbog)
1233 2937 1496 3023 testimonium,
1519 2964 1555 3009 se
1568 2946 1733 3014 exaudire
1746 2963 1884 3018 nostros
1898 2953 2065 3041 gemitus,
2088 2971 2122 3027 et
2136 2974 2221 3032 vota

1234 3049 1376 3106 tuorum
1392 3040 1564 3124 filiorum,
1597 3058 1630 3111 et
1647 3047 1828 3123 similium.
1879 3051 1982 3122 Nunc
2001 3058 2084 3124 audi
2104 3083 2222 3132 novos

201 3112 243 3202 S.
268 3128 312 3197 D.
361 3126 570 3199 Reverende
585 3125 629 3199 D.
650 3123 864 3217 Praeposite.
916 3125 959 3196 ln
978 3124 1187 3219 hismagnis
1233 3139 1369 3206 furores
1392 3138 1624 3212 Tridentinae
1656 3144 1813 3238 Synodi,
1853 3153 2066 3226 damnarunt
2097 3184 2222 3231 veram

200 3228 353 3301 miseriis
375 3228 526 3318 publicis
543 3240 577 3295 et
594 3225 740 3316 privatis
759 3226 790 3294 si
808 3250 993 3316 possumus
1008 3232 1187 3322 aliquibus
1234 3239 1428 3307 doctrinam
1451 3243 1598 3327 deiide,
1632 3271 1700 3338 qna
1722 3250 1912 3339 recipimur
1935 3256 1971 3323 in
1991 3259 2136 3344 gratiam
2185 3278 2224 3333 et

200 3330 313 3424 lenire
329 3328 486 3408 dolores,
511 3340 551 3395 ut
562 3323 677 3394 Deum
694 3327 884 3417 tranquilla
903 3331 1113 3401 conscientia
1131 3335 1187 3401 in·
1232 3340 1374 3429 quidem
1400 3342 1497 3408 tetris
1514 3349 1683 3432 portentis
1700 3351 1901 3425 verborum.
1952 3355 2023 3426 Ubi
2040 3315 2219 3432 inrevr'um

199 3443 343 3512 vocent,
367 3427 426 3519 pie
448 3426 607 3498 facimus.
656 3423 765 3494 Nullo
791 3426 926 3515 privato
948 3430 1085 3500 adfectu
1109 3457 1187 3502 mo·
1231 3440 1362 3507 decreti
1380 3428 1576 3531 exemplum
1591 3461 1715 3518 nactus
1731 3474 1810 3536 ero,
1843 3456 1943 3523 edam
1966 3412 2217 3533 refutatidnem

200 3554 286 3602 vcor
317 3529 357 3596 in
387 3551 490 3597 causa
525 3522 632 3594 huius
667 3527 787 3593 miseri
818 3521 972 3596 hominis
1000 3526 1188 3603 Vincentr'i
1230 3541 1275 3607 ad
1292 3537 1469 3613 Carolum.

200 3636 262 3703 ced
279 3677 363 3703 .....
380 3623 409 3721 1)
430 3627 643 3697 conscientia
663 3626 774 3715 ipsius
791 3638 826 3695 et
846 3642 1039 3717 postremae
1057 3625 1185 3703 mulie·
1330 3639 1417 3708 Misi
1438 3642 1525 3712 istuc
1548 3669 1664 3714 meum
1690 3675 1885 3739 cursorem,
1915 3653 2079 3729 ut‘nobis
2096 3687 2220 3734 exem-

200 3734 251 3805 ris
266 3746 299 3802 et
315 3729 419 3799 saluti
435 3750 626 3818 puerorum
643 3749 833 3815 parvorum
850 3729 999 3803 consuli.
1049 3730 1129 3819 Qua
1146 3736 1185 3802 in
1231 3740 1328 3829 plum
1351 3740 1473 3810 alferat
1496 3745 1676 3816 literarum
1696 3750 1888 3844 Principis,
1914 3782 2017 3848 quem
2063 3766 2220 3856 quicun-

201 3859 241 3906 re
254 3834 285 3904 si
299 3842 410 3921 potest
425 3822 594 3898 ἐπιείκεια
608 3828 776 3906 inveniri,
801 3827 927 3895 vellem
944 3854 1021 3897 eam
1036 3829 1184 3904 adhibe-
1230 3863 1298 3931 que
1315 3856 1419 3910 erunt
1435 3843 1564 3924 exitus,
1592 3861 1708 3917 tamen
1728 3860 1880 3941 gaudeo,
1907 3861 1950 3926 de
1966 3816 2094 3934 Scllola
2116 3869 2221 3957 cogi.

200 3936 287 4003 riin
302 3927 368 4000 ltoc
384 3929 534 4017 negotio.
569 3924 768 4016 Responsio
784 3927 917 4015 primae
931 3930 1091 4009 mulieris
1104 3937 1185 4004 red·
1230 3953 1303 4009 tare
1318 3941 1422 4008 etiam
1439 3943 1532 4013 inter
1553 3948 1705 4024 classica.
1753 3953 1873 4029 Carol.
1893 3956 1979 4049 lmp.
1997 3957 2236 4040 nnnccom.'

199 4035 253 4103 dit
268 4054 363 4101 nunc
377 4052 451 4098 rem
465 4027 712 4099 difficiliorem.
761 4025 800 4097 Si
817 4050 959 4116 prorsus
975 4048 1127 4121 negaret,
1148 4059 1184 4106 se
1230 4055 1289 4111 tur
1309 4032 1539 4113 Osiandrum
1567 4059 1601 4116 et
1625 4047 1667 4121 V
1664 4050 1754 4120 itum
1789 4058 1961 4147 expellere
1993 4087 2034 4132 ex
2056 4062 2220 4140 Ecclesia

106 4136 111 4142 ’
157 4196 161 4205 .
201 4128 439 4203 habitaturam
458 4150 530 4197 esse
551 4130 645 4216 apud
668 4121 767 4242 bunc
785 4123 1035 4216 Vincenttum,
1066 4157 1184 4204 meum
1230 4140 1496 4231 Norihergensi:
1529 4146 1598 4218 Sed
1621 4149 1808 4239 Senatum,
1840 4181 1959 4247 spem,
1992 4168 2220 4252 graviterre-

200 4231 388 4304 consilium
404 4240 508 4311 esset,
533 4241 573 4297 ut
590 4221 807 4298 Vincentius
824 4242 1034 4319 postremam
1053 4236 1183 4305 retine-
1228 4264 1441 4331 sponsarum
1458 4269 1542 4320 esse.
1576 4246 1803 4346 Hieronymo
1817 4252 2119 4355 Baumgartncro
2135 4271 2220 4343 misi

194 4347 253 4430 ⁸cet
268 4349 301 4405 et
316 4332 353 4399 in
369 4329 479 4398 alium
498 4330 613 4398 locum
628 4331 793 4416 migraret
808 4343 953 4420 propter
967 4337 1182 4407 scandalum.
1244 4366 1324 4411 uam
1343 4345 1536 4433 epistolam,
1559 4365 1593 4420 et
1607 4354 1741 4444 scripsi,
1763 4372 1886 4429 utrem
1903 4380 2015 4437 servet
2028 4369 2204 4460 integram

200 4433 307 4523 Quod
324 4456 406 4500 vero
423 4430 606 4546 pecuniam
622 4429 737 4544 prima
752 4429 882 4499 mulier
895 4432 983 4521 petit
998 4459 1062 4552 pro
1078 4438 1182 4508 certis
1327 4439 1514 4516 Marcello
1534 4450 1649 4533 dicas,
1679 4456 1708 4522 si
1727 4451 1858 4530 Menc'i
1869 4461 2043 4560 scriptam
2061 4472 2158 4544 volet
2175 4427 2215 4544 in

231 5122 311 5191 ,m
327 5136 417 5192 mm
430 5116 463 5172 ad
478 5114 672 5170 Roettttzium.
1328 5046 1410 5119 Vito
1428 5064 1462 5119 et
1478 5050 1649 5126 Marcello
1665 5060 1813 5132 salutem
1826 5079 1923 5158 opto.

229 5206 380 5329 1Ὓῐιίπι
393 5202 437 5258 laic
449 5213 561 5272 uterque
574 5202 673 5254 coclear
702 5198 823 5271 „Veram
839 5207 1178 5271 gemmeticensem?
1223 5247 1384 5266 ......,,,
1785 5175 1791 5185 ⁸
1962 5170 2161 5272 Philippus,

292 5275 334 5329 ide
348 5290 411 5327 eum
428 5271 456 5324 in
469 5286 511 5338 ep.
525 5268 648 5323 anteced.

228 5357 297 5420 m)
317 5352 388 5408 neti
402 5351 541 5418 asscripta
559 5350 663 5402 suntin
677 5359 795 5421 utroque
808 5349 918 5421 codice,
943 5354 989 5409 nd
1003 5353 1050 5428 qui
1065 5355 1116 5413 ,ξω
1128 5375 1176 5411 72,
1259 5337 1286 5403 1)
1304 5337 1370 5394 Met.
1383 5338 1458 5394 habet
1471 5347 1573 5412 modo,
1589 5349 1663 5417 quod
1679 5353 1809 5410 mendose
1817 5356 1917 5415 lectum
1932 5376 1998 5434 puto
2012 5383 2065 5439 pro
2078 5373 2163 5427 mdo

145 5466 151 5473 .
262 5427 330 5483 lint,
348 5420 460 5475 delinire
475 5436 530 5471 nou
544 5435 663 5488 possum.
1257 5417 1969 5507 2)Deveneentttcauncous.epanagnffin
2163 5409 2172 5432 ι

228 5514 256 5583 1)
270 5506 366 5581 suppl.
381 5504 475 5560 vatim.
1261 5506 1290 5575 ¹¹¹)
1309 5504 1393 5562 Addit
1404 5510 1439 5567 Α.
1451 5507 1489 5566 l).
