4882 6426
112 320 187 403 486
711 312 1147 396 sulsrosauuu
1193 315 1298 398 ΜΒ.
1335 318 1384 399 Χ.
1435 318 1570 397 1641.
1893 307 1897 314 ¹
2020 423 2021 427 Ν
2082 321 2159 399 480

115 490 353 565 obedientiam
366 493 633 586 praestandam,
652 516 857 566 communes
874 515 996 565 causae
1017 515 1104 562 con·
1162 489 1273 581 igitur
1289 501 1404 562 totum
1419 490 1508 564 illud
1523 486 1804 587 pulcherrimum
1818 485 1943 592 agmen
1960 517 2079 576 mente
2093 504 2153 580 in.

115 596 338 680 siderentur,
371 612 516 687 propter
542 619 628 690 quas
647 593 745 667 Deus
767 596 973 665 universum
994 615 1105 684 genus
1161 591 1292 676 tueris,
1316 592 1430 662 lilium
1445 590 1533 680 Dei,
1558 592 1902 681 Abel„lsrahelitas
1924 603 1961 672 in
1977 600 2150 701 Aegypto,

113 693 311 768 humanum
335 721 373 766 ac
395 699 582 788 praecipue
607 695 801 766 Ecclesiam
824 695 971 765 subiecit
1000 719 1103 764 aeru·
1160 689 1356 793 Ionathan,
1387 691 1525 780 David,
1565 694 1729 783 Esaiam,
1771 699 1974 788 Ieremiam‚
2016 703 2150 781 Danie.

113 799 217 872 mnis.
271 796 473 868 Toleranda
499 812 550 868 est
571 798 680 887 igitur
700 796 896 881 calamitas,
929 785 1104 890 quia'Deo
1159 794 1255 881 lem,
1280 792 1495 886 Baptistam,
1522 793 1715 888 Apostolos
1739 816 1773 873 et
1795 819 1966 901 martyres
1982 807 2088 895 olim,
2112 783 2162 884 et.

113 922 254 969 necesse
272 912 324 969 est
342 901 505 984 obedire,
532 900 594 993 qui
613 915 707 969 certo
734 898 883 968 consilio
908 898 958 967 sic
977 921 1104 966 ouera-
1159 920 1256 967 nunc
1272 920 1290 966 a
1307 895 1435 967 Turcis
1450 911 1485 967 et
1499 898 1578 967 aliis
1601 902 1841 974 crudelissime
1863 906 2072 995 trucidatos,
2100 936 2147 983 ne

113 996 209 1095 vit¹¹)
223 1000 413 1081 ecclesiam,
439 1024 504 1071 nec
518 1002 787 1092 repugnandum
804 1014 855 1071 est
871 997 947 1069 eius
962 997 1104 1090 sapien·
1157 998 1348 1083 existimes,
1382 1010 1417 1069 te
1436 998 1609 1072 abiectum
1636 1023 1710 1072 esse
1731 1001 1859 1092 aDeo,
1885 1009 1914 1077 si
1935 1008 2064 1080 similia
2081 1037 2145 1104 pa·

112 1104 181 1173 tiae
198 1117 232 1172 et
247 1101 411 1171 iustitiae.
1155 1098 1265 1169 tiaris.

214 1205 249 1276 2.
275 1199 462 1297 Dignitas
479 1199 635 1272 virtutis.
681 1188 1104 1289 Vicinoslocusestpro-
1255 1224 1292 1303 5·
1318 1220 1697 1309 Collatiogoentuum,
1737 1232 1928 1332 Nunquam
1945 1266 2142 1318 ressecuu-

112 1329 220 1380 ¹¹¹⁰0·
283 1303 433 1397 Pr⁰Pter
455 1326 642 1423 flfffflmnffl
672 1326 746 1371 '¹⁰¹¹
775 1302 999 1385 d⁹fi⁰¹⁰¹¹¹¹³⁸r
1037 1325 1103 1418 {¹⁹⁰
1154 1331 1220 1401 dae
1239 1344 1324 1400 sunt
1345 1332 1422 1402 sine
1448 1333 1634 1403 insolentia
1659 1347 1694 1405 et
1714 1336 1792 1407 sine
1815 1340 1937 1410 multis
1955 1344 2065 1416 vitiis·
2094 1367 2128 1423 et

113 1422 296 1526 pulersss
321 1401 690 1531 {³⁵¹¹fief1lufnfflfflr
724 1428 787 1473 ¹¹⁰⁰
815 1415 1101 1520 Rulemffiafme
1153 1432 1184 1501 ei
1206 1433 1381 1522 sapientes
1404 1447 1438 1504 et
1456 1434 1567 1504 sancti
1585 1459 1659 1504 non
1674 1437 1821 1509 fuerunt
1836 1443 2009 1515 moderati
2057 1400 2142 1525 ²uid

113 1510 262 1579 consilto
278 1505 344 1575 Der
361 1532 381 1576 a
397 1505 563 1577 mater1a¹
585 1507 601 1600 )
626 1519 766 1622 tautum
785 1528 872 1572 orrrr
890 1516 1101 1573 mutatrones
1155 1533 1274 1604 minus
1287 1534 1462 1625 sapientes
1476 1549 1509 1605 gt
1525 1535 1642 1605 mim„
1665 1538 1793 1610 frenati
1816 1541 1942 1612 timore
1957 1497 2029 1615 De}
2045 1478 2120 1625 ἕως

112 1635 230 1741 ῐθτξῐῐι
261 1604 517 1728 11010θῦ30110,
558 1631 623 1726 ¹¹⁸}
644 1607 813 1724 13031Ἷῦ5
836 1629 992 1697 unquam
1015 1628 1101 1673 ⁰⁰¹¹·
1152 1646 1253 1717 rent,
1292 1635 1376 1705 elati
1400 1638 1504 1706 rebus
1526 1638 1714 1708 secundis?
1772 1638 1844 1711 Nec
1875 1659 1993 1715 sanata
2022 1672 2139 1729 essent

110 1724 166 1782 “³
203 1707 402 1807 >mndata
416 1707 504 1793 Μ’
527 1711 610 1780 ‘¹³²¹
626 1709 790 1777 ⁸²⁰¹¹¹¹d¹⁵
807 1707 929 1788 “hub
952 1705 1100 1776 ‘missa'
1151 1731 1328 1804 Ecclesiae
1346 1735 1439 1805 mala
1459 1737 1522 1809 tali
1546 1733 1707 1835 ἀναρχίᾳ
1730 1740 1768 1808 in
1795 1742 2084 1824 dissimilitudine
2104 1772 2138 1830 et

110 1813 158 1882 cti
183 1811 358 1892 adversis,
391 1814 452 1880 sed
475 1808 591 1880 Deum
612 1809 848 1879 anteferamus
877 1818 911 1877 et
936 1807 1099 1876 secundis
1151 1835 1360 1927 opinionum
1385 1849 1420 1906 ep
1440 1838 1659 1908 voluntatum
1686 1842 1724 1908 in
1745 1838 1968 1940 Dugibuso)
2030 1853 2118 1927 Com

108 1929 143 1984 et
160 1914 638 2087 advgersssp'ellplgbmciemia
700 2005 845 2077 Levatio
868 2019 919 2077 est
941 2007 1099 2076 miseria.
1150 1939 1357 2006 mendemus
1390 1938 1498 2056 igitur
1528 1937 1604 2009 Deo
1635 1942 1922 2016 constitutionem
1949 1946 2138 2047 Ecclesiae,

241 2067 249 2084 .
640 2056 650 2078 ·
1151 2051 1186 2107 et
1200 2051 1369 2130 petamus,
1393 2055 1433 2108 ut
1449 2064 1522 2131 ipse
1534 2064 1616 2109 suae
1632 2042 1765 2130 gloriae
1780 2059 1815 2115 et
1831 2042 2016 2122 hereditati
2034 2084 2137 2150 opem

109 2139 209 2197 rum,
248 2115 353 2182 etiam
384 2114 422 2180 in
454 2110 636 2218 Ethnicis,
676 2108 890 2177 couscientia
922 2121 1097 2178 rectorum
1149 2139 1239 2210 fg,rat
1281 2153 1316 2209 ep
1335 2140 1510 2211 fateamur
1562 2165 1618 2212 res
1640 2167 1712 2212 non
1735 2169 1834 2235 posse
1881 2146 2032 2248 eriam

110 2214 341 2287 consiliorum
359 2211 410 2307 ¹⁴)
436 2227 470 2283 et
497 2225 610 2282 rectae
642 2209 853 2293 voluntatis,
893 2212 955 2278 sed
984 2211 1098 2279 multo
1150 2193 1391 2315 niscgnsilii&
1520 2195 1530 2228 '
1738 2271 1740 2274 ,
1857 2171 1879 2237 g
2035 2183 2137 2232 ΠΜ·

109 2319 222 2407 magis
244 2316 290 2398 in„
305 2311 482 2398 Ecclesia,
512 2313 574 2382 ubi
598 2333 698 2380 mens
719 2333 800 2379 vere
822 2310 982 2380 intuetur
1003 2309 1099 2380 iudi-

111 2443 185 2490 cem
205 2419 340 2501 Deum,
364 2416 464 2486 utin
488 2413 632 2506 psalmis
647 2411 796 2496 dicitur;
824 2410 949 2501 psalm.
963 2408 1041 2482 ta:
1063 2408 1100 2480 si

110 2515 221 2589 obliti
230 2542 357 2589 sumus
371 2539 500 2586 nomen
517 2510 597 2583 Dei
609 2510 729 2581 nostri
744 2519 775 2580 et
794 2508 832 2581 si
852 2506 1099 2607 expandimus

109 2645 243 2689 manus
259 2628 407 2689 nostras
424 2612 480 2685 ad
494 2612 615 2685 Deum
641 2610 823 2693 alienum,
849 2635 967 2682 nonne
991 2609 1098 2682 Deus

110 2721 264 2820 requiret
281 2718 384 2790 ista?
432 2716 520 2816 Ipse
542 2714 638 2787 enim
662 2714 760 2785 novit
783 2707 1000 2783 abscondita
1021 2737 1099 2784 cor-

56 2861 62 2867 ·
109 2816 223 2893 dium.
285 2816 473 2918 Quoniam
493 2827 639 2917 propter
667 2825 700 2885 te
729 2809 994 2906 mortificamur
1020 2824 1097 2885 tota

109 2919 180 3000 die.
230 2919 278 2996 Et
289 2924 422 2994 Paulus
437 2922 569 3014 inquit:
596 2913 686 2988 haee
702 2927 751 2987 est
765 2912 945 3010 gloriatio
958 2924 1097 2999 nostra,

108 3023 353 3097 testimonium
369 3019 607 3094 conscientiae
623 3027 780 3095 nostrae.
818 3018 961 3089 Deinde
974 3019 1098 3088 etiam-

108 3129 142 3198 si
155 3131 326 3222 quaedam
342 3140 454 3197 errata
473 3123 664 3194 inciderint
678 3144 744 3190 nos
760 3123 799 3190 in
819 3120 963 3190 ecclesia
985 3120 1097 3189 maxi·

110 3252 172 3298 me
198 3231 345 3313 scimus,
380 3230 494 3298 multo
516 3225 666 3294 maiores
681 3219 728 3318 ¹⁵)
754 3224 898 3292 morbos
924 3235 958 3293 et
980 3221 1097 3313 lapsus
1255 3217 1290 3290 6.
1314 3209 1581 3288 Promissiones
1601 3213 1695 3303 Dei,
1736 3248 1825 3317 quae
1854 3227 2031 3302 affirmant
2055 3230 2133 3307 Deo

111 3327 296 3400 hominum
311 3354 405 3414 esse,
431 3353 537 3421 quam
553 3325 724 3418 sapientia
739 3321 894 3395 humana
910 3345 984 3393 esse
1000 3323 1096 3393 iudi·
1147 3317 1286 3408 placere
1309 3319 1547 3389 obedientiam
1569 3321 1608 3389 in
1629 3347 1749 3410 cruce,
1777 3339 1814 3396 et
1835 3330 2048 3420 promittuut
2068 3358 2134 3408 au.

108 3446 176 3506 cat.
226 3429 274 3502 Et
289 3434 437 3515 scimus,
461 3430 531 3518 tegi
551 3442 586 3497 et
600 3427 718 3497 sanari
734 3428 853 3517 lapsus
869 3438 903 3495 et
919 3438 1034 3495 errata
1058 3425 1096 3491 iu
1148 3418 1273 3487 uilium
1287 3431 1322 3489 et
1333 3420 1567 3511 mitigationes
1589 3423 1627 3491 in
1650 3421 1715 3494 hac
1732 3426 1804 3498 vita
1831 3442 1865 3500 et
1885 3431 2134 3509 liberationem

38 3548 42 3554 '
107 3528 181 3619 his,
212 3535 276 3624 qui
299 3533 535 3620 agnitionem,
567 3529 673 3597 fidem
693 3540 728 3595 et
751 3525 1012 3595 invocationem
1032 3525 1095 3592 lilii
1148 3515 1336 3609 posthanc
1352 3523 1471 3592 vitam.
1522 3521 1629 3592 Nulla
1645 3539 1801 3598 ereatura
1819 3552 1883 3600 suo
1901 3533 2033 3605 iudicio
2056 3539 2132 3609 sine

105 3632 174 3708 Dei
197 3635 364 3704 retinent.
413 3629 628 3698 Habuerunt
648 3649 794 3715 magnos
814 3626 932 3717 lapsus
951 3623 1098 3706 Moises,
1148 3621 1364 3690 revelatione
1388 3621 1512 3691 diviua
1541 3623 1727 3715 intelligit,
1765 3654 1803 3700 se
1830 3633 1967 3722 placere
1992 3633 2068 3708 Deo
2093 3640 2134 3709 in

104 3731 251 3814 Aaron,
277 3731 413 3819 David,
438 3729 565 3814 losias,
599 3742 634 3800 et
656 3725 934 3797 innumerabiles
956 3725 1037 3810 alii,
1064 3739 1098 3796 et
1148 3720 1286 3809 magnis
1307 3721 1459 3791 miseriis
1467 3747 1477 3808 3
1511 3713 1624 3794 multo
1642 3728 1762 3798 miuus
1781 3731 1918 3817 statuit,
1943 3734 2057 3809 Deum
2071 3743 2136 3811 ad-

106 3851 226 3910 tamen
250 3831 342 3904 hanc
356 3832 634 3903 consolationem
650 3841 861 3908 tenuerunt,
885 3849 990 3920 quarn
1006 3825 1098 3896 reci·
1149 3843 1222 3892 esse
1237 3835 1272 3892 et
1286 3823 1377 3890 velle
1395 3848 1496 3914 opem
1521 3824 1624 3900 ferre.
1676 3824 1760 3898 ldeo
1783 3830 1955 3905 divinitus
1974 3843 2135 3928 promul.

103 3950 159 4010 tat
172 3933 305 4006 Paulus
320 3959 361 4004 ex
376 3933 487 4008 Psol:
512 3929 628 4012 beati,
654 3953 808 4028 quorum
825 3924 996 3998 remissae
1010 3935 1096 3997 sunt
1148 3937 1228 4013 gata
1244 3938 1296 3994 est
1312 3919 1398 3994 haec
1414 3926 1617 4001 consolatio.
1654 3923 1781 3999 Esaiae
1791 3929 1851 4006 57.
1867 3935 2015 4009 affirmat
2026 3941 2135 4031 Deus,

103 4033 340 4136 iniquitates,
366 4044 398 4103 et
412 4059 565 4132 quorum
584 4041 674 4102 tecta
691 4039 778 4102 sunt
790 4038 948 4129 peecata.
1000 4027 1097 4100 Con·
1147 4017 1453 4095 setabieaturum
1474 4024 1514 4096 in
1533 4025 1689 4127 afflictis
1714 4028 1967 4111 invocantibus
1992 4036 2134 4137 ipsum;

101 4141 285 4231 fugiamus
303 4139 412 4226 igitur
428 4140 472 4205 ad
489 4137 601 4205 lilium
618 4132 698 4203 Dei.
1135 4138 1183 4220 et
1196 4127 1319 4218 psalm.
1335 4127 1414 4200 83.;
1438 4151 1548 4226 prope
1564 4139 1615 4199 est
1630 4126 1801 4203 dominus
1824 4129 1904 4223 his,
1928 4138 1996 4237 qui
2015 4141 2134 4214 tribu·

213 4237 249 4313 4.
285 4235 454 4334 Exempl
479 4289 488 4310 .
539 4234 583 4306 lu
605 4235 749 4305 ecclesia
769 4235 922 4305 maxime
945 4234 1097 4305 illustria
1150 4223 1229 4297 tato
1242 4235 1330 4297 sunt
1344 4224 1468 4306 corde.
1495 4245 1528 4302 et
1544 4233 1667 4321 psalm.
1681 4231 1759 4308 49.;
1786 4234 1914 4309 invoca
1936 4265 1990 4310 me
2012 4242 2051 4312 in
2075 4241 2134 4316 die

102 4343 269 4434 exempla
291 4336 482 4422 habemus,
514 4359 603 4430 quae
625 4335 807 4428 perspicue
827 4337 1039 4421 ostendunt,
1065 4348 1098 4404 et
1151 4326 1407 4399 tribulationis
1435 4340 1467 4400 a
1495 4328 1649 4428 eripiam
1681 4341 1731 4421 te,
1766 4345 1798 4405 et
1819 4335 2049 4432 glorificabis
2069 4371 2133 4418 me.

100 4444 330 4518 voluntatem
347 4440 416 4511 Dei
431 4463 504 4509 esse
518 4453 558 4508 ut
575 4437 706 4507 similes
720 4435 914 4505 efficiamur
934 4436 1098 4526 imaginis
1151 4424 1199 4500 Et
1221 4432 1407 4523 praecipue
1426 4433 1696 4523 promissionem
1718 4439 1929 4528 cogitemus,
1969 4447 2135 4519 traditam

97 4542 265 4633 Christi,
296 4558 330 4615 et
355 4543 461 4612 simul
486 4563 552 4608 uos
577 4539 622 4631 de
644 4536 757 4608 causis
771 4537 846 4607 eius
861 4536 1003 4607 consilii
1018 4561 1100 4606 eru·
1150 4532 1213 4615 iis,
1243 4532 1304 4625 qui
1327 4533 1443 4602 studia
1459 4531 1645 4626 Evangelii
1666 4538 1833 4610 foverunt
1856 4544 2136 4628 etodiuvaruut.

97 4649 227 4721 diunt.
284 4642 401 4717 Multa
424 4641 520 4712 enim
542 4641 582 4710 in
602 4634 659 4709 his
680 4651 764 4709 sunt
785 4638 1038 4709 liberationum
1054 4633 1099 4732 ¹⁰)
1139 4632 1332 4704 *Tenentur
1346 4633 1455 4723 igitur
1476 4630 1561 4705 haec
1583 4661 1664 4708 vera
1687 4652 1721 4708 et
1742 4641 1979 4716 efficacissima
1987 4643 2032 4745 20)
2050 4676 2136 4721 con.

96 4747 336 4832 testimonia,
366 4759 406 4817 ut
436 4757 558 4837 postea
586 4741 741 4824 dicetur,
776 4753 812 4811 et
833 4764 993 4831 expresse
1014 4741 1099 4810 scri-
1151 4733 1297 4820 solatio,
1324 4759 1391 4804 nos
1413 4759 1488 4806 non
1507 4760 1589 4808 casu
1608 4740 1718 4829 affligi
1735 4742 1795 4812 sed
1811 4744 1939 4815 sciente
1952 4745 2045 4838 De03
2071 4776 2136 4827 nec

96 4866 213 4946 ptum
235 4863 302 4921 est:
337 4842 514 4918 iudicium
543 4867 568 4914 a
593 4835 701 4912 domo
721 4837 800 4912 Dei
817 4839 956 4939 insipit.
1006 4839 1098 4913 Cum
1151 4835 1232 4906 ideo
1245 4836 1371 4926 affligi,
1397 4850 1436 4908 ut
1450 4862 1651 4929 pereamus,
1674 4843 1735 4912 sed
1751 4857 1791 4914 ut
1807 4862 1963 4919 crescant
1977 4851 2016 4920 in
2033 4857 2137 4928 nobis

1150 4936 1388 5029 poenitentia,
1411 4939 1514 5026 fides,
1546 4941 1744 5030 invocatio,
1774 4947 1907 5036 agnitio
1922 4956 2137 5043 praesentiae
2166 5030 2174 5035 ,

144 5059 193 5128 11)
211 5057 280 5115 cot.
295 5055 381 5112 Gotb.
391 5053 453 5110 402.
464 5051 594 5108 oneravit
608 5060 708 5106 totam.
1162 5105 1373 5120 -...-...

144 5143 194 5213 12)
212 5141 283 5198 cod.
298 5139 382 5196 Goth.
397 5137 458 5205 102.
470 5145 588 5195 natura.

142 5226 194 5295 18)
210 5225 358 5283 010Βὲ1·
374 5227 443 5278 ⁸²1⁰·
1137 5208 1144 5216 ⁸
1187 5208 1232 5279 17)
1250 5207 1308 5262 Pro
1320 5209 1446 5264 Ducibus
1461 5218 1524 5265 text.
1538 5210 1620 5283 impr.
1633 5213 1706 5268 artu.

147 5312 193 5383 14)
211 5322 285 5367 reete
291 5310 441 5381 saetarum
453 5306 517 5363 eod.
531 5304 616 5360 Gotb.
629 5305 691 5360 102.
1187 5295 1233 5365 18)
1252 5295 1323 5352 cod,
1336 5296 1420 5351 θοι),
1431 5296 1492 5351 402
1505 5298 1573 5366 ηε),

148 5391 609 5470 15)0006οῑ11·402Νηῗο0113·
839 5451 847 5463 ‚
1189 5381 1233 5448 19)
1251 5380 1321 5437 Cod.
1332 5379 1416 5436 Goth.
1427 5379 1489 5436 401.
1502 5383 1659 5436 incaeteris
1668 5398 1723 5452 per
1733 5382 1928 5454 Ευωμιῑωῃ,

149 5487 195 5555 16)
215 5482 286 5540 cot.
296 5480 381 5537 Goth.
392 5479 456 5554 tot.
465 5477 652 5531 liberationis.
876 5533 880 5544 ,
1174 5469 1234 5536 ’10)
1253 5466 1400 5617 (geppan.
1418 5467 1576 5537 effeets'asim

1251 2370 1431 2445 Hactenus
1448 2375 1582 2447 recitati
1598 2377 1666 2447 loci
1681 2379 1921 2474 aliquomodo
1937 2409 2138 2480 congruunt

1150 2496 1230 2543 ctam
1244 2470 1510 2566 philosophicis.
1562 2476 1666 2549 Nunc
1680 2498 1876 2576 sequuntur
1894 2488 1975 2568 alii,
2000 2497 2137 2585 proprii

1149 2570 1326 2646 Ecclesiae
1345 2574 1413 2646 Dei
1436 2592 1532 2649 extra
1553 2593 1588 2650 et
1611 2603 1716 2672 supra
1736 2584 1867 2655 iudicia
1891 2582 2136 2684 philosophica

1149 2677 1275 2768 positi,
1296 2701 1341 2747 ,ac
1361 2679 1534 2749 immensa
1556 2681 1715 2753 bonitate
1728 2680 1795 2754 Dei
1819 2687 1856 2754 iu
1872 2681 2066 2782 Evangelio
2085 2692 2134 2790 19)

1149 2778 1332 2869 patefacti,
1371 2803 1411 2848 ac
1442 2781 1571 2870 prolati
1601 2806 1643 2851 ex
1670 2783 1752 2854 sinu
1778 2788 1911 2858 aeterni
1937 2795 2045 2882 patris
2073 2823 2136 2890 per

1148 2879 1275 2952 filium.
1326 2878 1395 2950 Sed
1413 2882 1494 2974 quia
1514 2883 1599 2953 fides
1613 2883 1652 2952 in
1668 2879 1875 2961 hominibus
1891 2890 2056 2984 languida
2073 2916 2135 2987 est,

1148 2981 1229 3050 ideo
1244 2976 1301 3050 his
1314 2980 1526 3083 dulcissimis
1540 2985 1840 3061 consolationibus
1855 2991 1972 3064 minus
1987 3021 2135 3071 moven-

1147 3094 1206 3154 tur
1221 3076 1396 3158 homiues.
