4882 6426
203 312 250 384 41

206 482 436 553 conferendos
453 493 487 551 et
501 480 760 572 patefaciendus
776 501 835 548 eos
851 477 1037 557 articulos,
1055 478 1098 547 de
1116 475 1195 573 qui-

202 585 270 655 bus
286 578 354 654 hoc
369 599 528 674 tempore
553 583 593 651 in
609 581 770 653 doctrina
787 574 976 650 christiana
992 592 1195 647 controver-

204 686 255 755 sia
271 697 341 771 est,
367 684 525 756 indictus
540 684 603 764 sit,
627 681 874 754 Reverendiss.
892 678 1061 774 Princeps
1076 676 1195 749 acCo-

201 808 277 856 mes
299 807 467 876 generose
489 781 664 858 aCaesar.
686 783 873 853 Maiestate
898 776 1004 851 huius
1024 780 1195 872 colloquii

202 884 386 957 Praesides
411 898 446 955 et
460 887 713 974 gubernatores
730 881 930 963 constituti,
956 879 1105 951 Domini
1127 905 1194 949 no·

204 989 267 1057 stri
289 987 576 1072 clementissimi,
602 981 786 1055 humiliter
806 1005 943 1053 aecum
960 983 1192 1052 debitareve-

203 1090 318 1160 tentia
331 1114 351 1158 a
368 1088 463 1158 Vest.
477 1087 569 1157 Cels.
585 1087 755 1180 petimus,
780 1099 820 1155 ut
833 1081 931 1158 Caes.
946 1081 1037 1155 Mai.
1052 1097 1194 1154 nostro-

203 1215 281 1262 rum
299 1188 625 1282 lllustrissimorum
642 1202 675 1258 et
692 1186 890 1257 illustrium
905 1184 1125 1276 Principum,
1143 1185 1192 1253 ci-

202 1287 354 1362 vitatum
368 1303 404 1361 et
418 1291 580 1360 omnium
594 1303 747 1360 statuum
764 1288 929 1366 nomine,
956 1287 1192 1378 complecten-

202 1395 293 1464 tium
312 1392 568 1462 confessionem
584 1387 751 1480 August,
778 1390 938 1478 ingentes
961 1388 1090 1477 gratias
1111 1409 1191 1476 aga-

201 1497 265 1580 tis,
291 1496 389 1587 quod
410 1494 538 1564 iterum
559 1496 605 1562 ad
622 1490 900 1583 patefaciendam
918 1490 1118 1559 doctrinam
1135 1513 1190 1558 ec-

203 1597 317 1666 clesiis
337 1608 372 1664 et
395 1581 475 1664 orbi
497 1608 671 1663 terrarum
689 1594 878 1662 salutarem
893 1614 933 1660 ae
948 1591 1191 1674 necessariam,

200 1693 297 1767 hune
315 1710 528 1766 conventum
544 1695 747 1768 instituerit.
785 1690 942 1775 Deinde,
967 1693 1063 1785 quod
1080 1694 1191 1761 factu-

201 1823 259 1868 ros
274 1797 422 1868 omnino
439 1819 637 1886 speramus,
662 1810 702 1866 ut
718 1793 763 1864 V.
780 1792 900 1865 Celsit.
920 1787 1013 1862 hanc
1030 1794 1189 1864 collatio-

200 1924 283 1969 nem
307 1900 351 1967 de
374 1899 554 1976 sententiis
577 1897 771 1988 scripturae
794 1895 935 1964 divinae
958 1894 1008 1963 ita
1028 1895 1189 1963 modere-

203 2015 276 2085 tur,
291 2024 365 2069 non
381 2012 422 2070 ut
435 1998 632 2091 praestigiis
645 2011 680 2068 et
694 1996 880 2067 calumniis
898 1995 1026 2066 veritas
1042 2008 1190 2086 tegatur,

201 2101 405 2171 involvatur
419 2114 481 2171 aut
495 2102 688 2184 obruatur,
714 2101 776 2169 sed
793 2121 833 2165 ex
849 2097 986 2166 collatis
1007 2096 1190 2167 sententiis

201 2204 330 2273 veritas
364 2215 469 2295 queat
503 2202 660 2292 patefieri
692 2213 726 2270 et
760 2198 943 2271 illustrari.
1001 2194 1189 2268 Caeterum

201 2327 404 2398 quanquam
432 2304 598 2372 omnibus
628 2301 789 2372 omnium
818 2298 1100 2370 adversariorum
1121 2323 1190 2368 no·

786 302 1228 428 nersrontaum
1274 304 1456 386 uma.
1508 305 1642 383 rste.
1690 317 1694 326 ·
1865 327 1876 402 t

2186 311 2235 385 42

1242 477 1315 548 rito
1339 501 1386 564 s.,
1412 502 1479 572 qua
1503 503 1539 550 se
1556 478 1654 550 Deus
1678 479 1832 551 mirabili
1844 477 2015 576 'ssconsilio'
2024 482 2103 557 orbi
2117 496 2232 554 terra-

1242 603 1321 649 rum
1343 603 1379 648 se
1402 581 1581 671 patefecit,
1608 595 1643 655 et
1662 577 1749 652 haec
1772 584 1902 675 scripta
1924 608 1999 656 esse
2018 586 2231 655 fundamen-

1240 694 1334 762 tum,
1361 693 1496 771 petram
1521 695 1556 752 et
1579 682 1700 765 basin,
1724 707 1952 779 superquam
1975 685 2137 772 ecclesia,
2162 688 2229 756 do·

1239 803 1318 850 mus
1338 779 1425 866 Dei,
1457 784 1636 854 aedificata
1667 797 1718 854 est
1740 786 1779 853 in
1803 787 1879 877 ipso
1907 810 2044 858 summo
2068 787 2230 876 angulari

1240 882 1354 974 lapide
1367 876 1510 953 Christo
1530 882 1627 971 lesu,
1653 901 1686 958 et
1700 887 1740 954 in
1754 882 1810 956 his
1824 889 1962 980 scriptis
1979 889 2082 980 plene
2100 902 2133 958 et
2147 912 2228 980 per·
2298 912 2301 917 ·

1239 985 1326 1053 secte
1341 986 1479 1069 omnia,
1504 1009 1593 1078 quae
1606 988 1651 1056 ad
1668 987 1839 1059 iustitiam
1855 1002 1890 1059 et
1904 991 2052 1060 salutem
2069 1003 2228 1060 nostram

1239 1084 1340 1154 utilia
1363 1098 1398 1153 et
1415 1088 1608 1158 necessaria
1632 1103 1734 1174 sunt,
1766 1086 2039 1181 comprehensa3
2074 1105 2109 1162 et
2135 1087 2241 1161 hane-

1238 1187 1422 1256 coelestcm
1443 1188 1640 1258 doctrinam
1662 1214 1683 1259 a
1704 1192 1776 1260 filio
1796 1189 1865 1261 Dei
1890 1205 1924 1262 et
1946 1217 2010 1286 per
2032 1188 2228 1285 Prophetas

1238 1302 1272 1357 et
1296 1284 1487 1378 Apostolos
1511 1290 1616 1359 nobis
1644 1293 1811 1362 traditam
1834 1316 1907 1363 esse
1931 1283 2047 1363 omnis
2069 1295 2227 1364 coelestis
2285 1361 2289 1370 ,

1237 1389 1418 1460 doctrinae
1435 1403 1469 1460 et
1484 1391 1563 1482 piae
1573 1393 1665 1460 vitae
1678 1418 1717 1462 ac
1731 1395 1846 1463 cultus
1854 1393 1923 1463 Dei
1938 1396 2086 1466 unicum
2101 1409 2136 1466 et
2150 1419 2227 1466 cer·

1236 1491 1410 1559 tissimum
1435 1515 1607 1579 canonem
1629 1508 1662 1563 et
1683 1496 1860 1584 regulam,
1886 1520 2001 1590 neque
2021 1496 2226 1567 ullam'do·

1236 1592 1385 1660 ctrinam
1406 1604 1468 1661 aut
1480 1594 1614 1663 cultum
1632 1591 1699 1663 Dei
1724 1596 1985 1686 recipiendum,
2010 1598 2073 1691 qui
2093 1599 2226 1667 nonin

1234 1689 1450 1785 propheticis
1481 1707 1514 1763 et
1537 1696 1738 1785 apostolicis
1767 1698 1905 1789 scriptis
1940 1693 2227 1790 comprehensus,

1235 1806 1269 1864 et
1277 1801 1308 1887 ‘a
1325 1791 1401 1864 Deo
1417 1810 1622 1887 praeceptus
1637 1811 1671 1866 et
1688 1800 1874 1868 mandatus
1891 1799 1948 1870 sit.

1336 1893 1501 1966 Secundo
1528 1898 1777 1988 amplectimur
1792 1924 1933 1993 quoque
1949 1914 2120 1994 tanquam
2136 1898 2225 1970 scri-

1234 2010 1356 2086 pturae
1386 1993 1613 2089 propheticae
1644 2023 1683 2068 ac
1710 2001 1922 2091 apostolicae
1952 2002 2131 2094 epitomen
2162 2026 2224 2074 seu
2315 2061 2317 2064 ,

1233 2121 1406 2167 summam
1419 2100 1579 2191 symbola
1597 2101 1683 2186 tria,
1704 2114 1745 2171 ut
1760 2098 2026 2195 Apostolicum,
2048 2103 2224 2174 Nicenum

1231 2194 1574 2274 etAthanasianum.
2222 2218 2226 2223 ’

1332 2299 1454 2369 Tertio
1465 2303 1712 2393 amplectimur
1728 2304 1813 2374 item
1831 2318 1985 2397 quatuor
1999 2329 2223 2396 magnacon-
2304 2339 2308 2345 ·

200 2421 354 2477 strorum
368 2404 592 2489 criminibus,
607 2404 737 2496 quibus
752 2426 871 2472 nusae
885 2413 1042 2470 nostram
1057 2400 1189 2471 doctri-
1230 2399 1329 2485 cilia,
1361 2398 1555 2486 Nicenum,
1585 2401 2038 2496 Constantinopolitanum,
2068 2403 2223 2499 Ephesi-

201 2532 281 2577 nam
306 2508 400 2598 apud
423 2529 545 2576 omnes
568 2519 687 2595 gentes
711 2517 745 2574 et
766 2503 916 2597 populos
933 2504 1131 2571 deformare
1153 2514 1188 2571 et
1229 2525 1318 2572 num
1337 2515 1371 2572 et
1387 2498 1694 2586 Chalcedonense,
1721 2519 1756 2576 et
1772 2507 1861 2587 alia,
1887 2519 2060 2598 quatenus
2078 2509 2222 2599 quidem

201 2613 350 2678 obruere
366 2621 556 2692 conantur,
581 2608 812 2698 respondere,
837 2627 952 2695 neque
970 2603 1057 2673 utile
1073 2627 1188 2696 neque
1230 2628 1309 2673 cum
1328 2600 1364 2674 S·
1379 2600 1562 2694 Scriptura
1579 2607 1813 2692 conveniunt,
1840 2621 1875 2678 ct
1888 2631 2042 2699 quorum
2057 2611 2221 2698 dogmata

201 2712 425 2780 commodum
442 2705 509 2781 hoc
524 2722 680 2798 tempore
697 2731 769 2776 esse
790 2708 957 2789 sciamus,
984 2718 1120 2788 tamen,
1142 2727 1187 2772 ne
1230 2720 1265 2777 et
1280 2706 1418 2774 decreta
1432 2708 1614 2798 scripturis
1631 2730 1657 2780 s.
1673 2708 1879 2778 confirmata
1893 2724 1988 2782 sunt.

201 2815 236 2882 in
263 2812 408 2902 publico
429 2806 496 2879 hoe
518 2822 694 2877 conventu
723 2809 819 2878 taciti
839 2821 872 2875 et
895 2807 995 2897 quasi
1020 2828 1187 2894 agnosere
1332 2803 1468 2892 Quarto
1491 2809 1714 2896 agnoscimus
1743 2811 1930 2899 scriptores
1951 2824 2084 2881 veteres
2109 2812 2219 2881 eccle·

200 2915 402 2997 videamur,
432 2912 638 2980 brevissime
663 2924 696 2979 et
720 2907 976 2979 modestissime
997 2908 1042 2976 ad
1069 2931 1109 2977 ea
1129 2931 1187 2976 re·
1230 2905 1404 2992 siastieos,
1430 2909 1491 2976 sed
1514 2921 1688 3000 quatenus
1708 2909 1777 2999 ipsi
1799 2933 1834 2978 se
1850 2911 1993 2999 agnosci
2018 2927 2052 2982 et
2069 2912 2136 3001 legi
2155 2937 2220 2998 vo-

200 3013 463 3107 spondebimos.
1229 3010 1326 3090 lunt,
1350 3022 1385 3077 et
1408 3010 1580 3078 sententia
1603 3034 1726 3079 eorum
1748 3011 1991 3087 testimonium
2010 3008 2116 3082 habet
2130 3013 2221 3082 scri·

298 3113 597 3184 Vociferanturin
610 3109 758 3204 publicis
768 3111 999 3180 concionibus
1007 3110 1187 3201 etpublice
1229 3124 1364 3199 pturae.
1390 3105 1480 3178 Cum
1498 3111 1607 3198 igitur
1621 3125 1754 3181 certum
1773 3111 1833 3197 sit,
1850 3107 1942 3181 hanc
1961 3137 2033 3184 esse
2041 3114 2219 3185 veteriset

201 3217 301 3287 editis
324 3215 483 3306 scriptis,
509 3237 575 3282 nos
593 3216 783 3284 traducunt
804 3225 839 3282 et
861 3214 1054 3296 infamant,
1074 3235 1141 3280 nos
1167 3235 1185 3278 a
1230 3202 1420 3281 catholicae
1438 3206 1655 3280 orthodoxae
1671 3213 1833 3281 ecclesiae
1848 3209 1982 3283 Christi
1997 3238 2218 3300 consensum,

201 3318 309 3389 veteri
334 3331 365 3386 et
388 3310 585 3384 orthodoxa
617 3317 656 3385 et
678 3309 854 3383 'catholica
888 3314 1030 3382 ecclesia
1053 3309 1187 3383 Christi
1230 3311 1360 3379 iniuste
1376 3312 1421 3379 ab
1437 3312 1646 3381 adversariis
1662 3314 1791 3383 nostris
1808 3315 2029 3400 damnamur,
2041 3319 2138 3409 quod
2156 3319 2218 3385 de-

200 3418 415 3501 discessisse‚
441 3416 609 3485 damnare
627 3415 777 3486 concilia
802 3427 836 3484 et
863 3413 1023 3483 omnium
1046 3427 1184 3483 sancto·
1229 3411 1413 3481 fecerimus
1435 3413 1479 3481 ab
1500 3409 1656 3484 Ecclesia
1681 3438 1719 3482 ac
1742 3416 1950 3485 damnemus
1972 3414 2218 3487 Conciliorum

198 3545 278 3590 rum
297 3520 436 3610 patrum
453 3518 601 3608 scripta,
626 3518 743 3601 laxare
766 3529 801 3585 et
816 3516 951 3585 solvere
966 3537 1108 3584 ornnem
1130 3536 1186 3581 ec·
1229 3515 1372 3582 decreta
1396 3526 1431 3583 et
1461 3515 1774 3584 ecclesiasticorum
1804 3516 2015 3607 scriptorum
2041 3520 2216 3608 dogmata.

198 3623 322 3691 clesiae
347 3619 590 3711 disciplinam,
618 3631 651 3687 et
673 3619 827 3686 tribuere
851 3617 984 3706 populo
1008 3615 1184 3683 infinitam
1227 3611 1630 3696 Existimamusautem,
1657 3617 1741 3685 satis
1756 3640 1828 3686 esse
1843 3619 2089 3710 perspicuum,
2118 3602 2216 3712 quod
2318 3697 2320 3701 ¹

196 3722 376 3792 licentiam
409 3720 568 3814 qualibet
597 3719 752 3788 audendi
786 3726 822 3787 et
844 3716 1014 3801 faciendi,
1043 3717 1186 3786 abolere
1227 3715 1272 3784 ab
1288 3708 1484 3784 orthodoxa
1498 3729 1533 3784 et
1549 3740 1630 3788 vera
1647 3716 1791 3786 ccclesia
1807 3713 1941 3789 Christi
1958 3743 2032 3787 non
2048 3721 2216 3789 discesse-

196 3847 263 3894 nos
287 3835 420 3892 veteres
444 3821 659 3893 ceremonias
677 3835 710 3889 et
725 3820 832 3902 ritus,
857 3843 878 3887 a
899 3819 1057 3909 patribus
1072 3818 1184 3886 eccle·
1227 3815 1349 3889 rimus.
1402 3813 1509 3903 Quod
1525 3818 1569 3885 ad
1587 3817 1810 3910 disciplinam
1823 3820 1966 3905 attinet,
1990 3844 2046 3889 res
2068 3822 2141 3911 ipsa
2160 3821 2217 3889 lo-

193 3927 266 3995 siae
280 3924 447 4007 traditas,
473 3936 507 3990 et
522 3921 590 3990 alia
614 3921 725 3990 multa
741 3919 872 3990 atrocia
889 3920 1039 3989 crimina
1062 3920 1101 3987 in
1118 3941 1184 3987 nos
1227 3918 1367 4010 quitur,
1402 3916 1432 3984 si
1454 3942 1534 3986 vere
1560 3919 1756 3986 existimare
1782 3919 1965 4007 volumus,
1999 3922 2104 4010 longe
2138 3945 2215 3988 eam

194 4025 399 4105 cumulant,
425 4027 470 4094 acl
486 4046 575 4115 quae
589 4045 729 4091 necesse
746 4034 797 4092 est
814 4015 873 4090 hic
891 4021 1046 4092 breviter
1060 4032 1094 4089 et
1105 4044 1183 4090 mo-
1226 4041 1299 4088 esse
1333 4018 1427 4110 apud
1461 4041 1527 4087 nos
1559 4017 1810 4104 astrictiorem,
1852 4046 1959 4114 quam
1985 4021 2091 4094 multi
2116 4020 2215 4090 voci-

194 4131 290 4199 deste
315 4125 533 4218 responderi.
583 4121 675 4192 Nam
696 4124 727 4191 si
746 4124 832 4191 tales
846 4146 919 4191 esse
934 4121 1182 4204 existimamur,
1225 4122 1394 4192 serentur.
1990 4179 1995 4186 .

195 4243 231 4301 et
253 4227 340 4299 haec
364 4228 496 4296 iniusta
517 4225 798 4294 adversariorum
815 4223 1032 4314 praeiudicia
1052 4223 1182 4308 valent,
1326 4218 1510 4292 Postremo
1538 4217 1708 4308 fatemur,
1743 4225 1914 4317 quaedam
1942 4227 2125 4300 doetrinae
2153 4248 2214 4314 ge-

194 4333 326 4403 frustra
342 4331 385 4398 ad
400 4324 468 4396 hoe
485 4326 703 4418 colloquium
718 4322 979 4419 adhiberentur.
1225 4345 1310 4391 nera
1330 4333 1364 4390 et
1387 4325 1557 4416 quosdam
1579 4324 1710 4420 abusus
1738 4340 1773 4395 et
1792 4327 1881 4396 ritus
1904 4341 2102 4418 pugnantes
2132 4349 2213 4394 cum

298 4430 459 4501 Primum
476 4429 584 4517 igitur
597 4451 716 4496 coram
729 4423 805 4495 Deo
825 4440 859 4495 et
874 4439 947 4495 toto
966 4425 1052 4494 orbe
1070 4437 1181 4493 terra-

193 4560 273 4606 rum
284 4532 494 4603 confitemur
503 4543 537 4599 et
550 4541 797 4620 protestamur,
810 4527 1106 4618 quemadmodum
1117 4549 1180 4592 an·

193 4651 247 4709 tea
262 4637 304 4704 in
318 4632 537 4703 confessione
552 4626 650 4702 Caes.
665 4627 843 4698 Maiestati
861 4630 899 4696 in
913 4624 1077 4698 Comitiis
1090 4620 1180 4715 Aug.

1225 4422 1398 4511 scriptura
1421 4419 1624 4515 prophetica
1646 4437 1680 4494 et
1701 4427 1893 4516 apostolica
1919 4443 1954 4497 et
1968 4452 2140 4498 consensu
2154 4450 2212 4496 ca-

1226 4518 1378 4593 tholicae
1411 4524 1585 4595 ecclesiae·
1598 4520 1750 4607 Christi,
1787 4523 2021 4617 'reprehensos
2050 4554 2070 4600 a
2097 4528 2213 4613 nobis,
2283 4590 2286 4597 .

1226 4626 1314 4694 sicut
1330 4647 1402 4694 non
1420 4638 1559 4695 tantum
1567 4638 1701 4695 veteres
1712 4627 1898 4721 scriptores
1914 4631 1974 4700 sed
1992 4645 2026 4701 et
2040 4630 2213 4702 recentio-

194 4733 353 4809 exhibita
375 4732 517 4825 publice
541 4731 814 4815 deelaravimus,
839 4754 946 4824 quam
972 4728 1076 4799 etiam
1096 4750 1181 4796 con·
1225 4748 1299 4809 res,
1323 4738 1357 4794 et
1373 4727 1519 4817 quidam
1542 4752 1584 4798 ex
1602 4728 1812 4798 adversariis
1825 4730 1911 4821 ipsis
1926 4733 2078 4822 ingenue
2097 4734 2211 4802 faten-

194 4838 383 4910 fessionem
405 4859 468 4925 pro
491 4832 639 4923 repetita
662 4825 786 4900 haberi
808 4831 989 4911 volumus,
1019 4851 1086 4899 nos
1107 4852 1180 4896 non
1226 4842 1302 4909 tur,
1324 4827 1457 4896 multos
1482 4850 1618 4897 errores
1639 4830 1818 4920 irrepsisse
1840 4833 1879 4899 in
1896 4834 2088 4908 ecclesiam.
2139 4833 2210 4902 Sed

194 4942 309 5012 solum
327 4959 531 5026 agnoscere,
549 4934 611 5004 sed
626 4945 661 5003 et
680 4945 753 5003 toto
769 4947 909 5024 pectore
918 4946 1084 5023 tanquam
1100 4930 1181 4998 fon-
1226 4928 1524 5021 quemadmodum
1546 4952 1605 5014 ea,
1631 4954 1720 5021 quae
1742 4953 1823 5001 cum
1845 4933 2017 5025 scriptura
2041 4947 2211 5027 pugnant,

195 5057 264 5116 tem
281 5040 398 5108 omnis
412 5037 535 5106 salutis
559 5047 593 5104 et
609 5034 701 5103 vitae
722 5047 883 5104 aeternae
906 5031 1070 5124 amplecti
1094 5031 1181 5100 scri·
1225 5040 1300 5098 nou
1329 5030 1487 5118 agnoscit
1512 5053 1594 5099 vera
1621 5031 1765 5101 ecclesia
1788 5028 1981 5120 catholica,
2014 5035 2064 5106 ita
2085 5035 2211 5116 nostri,

194 5158 253 5236 pta
266 5136 528 5231 Prophetarum
551 5148 586 5205 et
600 5130 872 5226 Apostolorum,
899 5129 967 5204 hoc
988 5147 1040 5205 est
1058 5154 1180 5201 omnes
1225 5131 1288 5225 qui
1302 5130 1347 5199 ad
1360 5130 1559 5201 docendum
1576 5132 1795 5221 evangelium
1803 5128 1937 5205 Christi
1950 5139 2066 5207 vocati
2079 5154 2212 5219 sumus,

195 5244 239 5321 V.
255 5257 290 5314 et
301 5241 347 5315 N.
361 5237 583 5310 Testamenti
600 5237 711 5308 libros
729 5260 818 5331 quos
832 5249 962 5306 vocant
982 5234 1181 5318 canonicos,
1225 5230 1331 5301 officii
1344 5232 1434 5319 luit,
1459 5254 1594 5303 errores
1611 5228 1869 5324 reprehendere
1883 5248 1917 5305 et
1931 5237 2111 5312 damnare.

194 5360 227 5418 et
244 5343 441 5426 credimus,
466 5335 560 5410 hant
576 5361 648 5407 esse
666 5338 777 5431 ipsius
792 5335 861 5407 Dei
882 5337 1049 5408 creatoris
1060 5359 1179 5405 rerum

194 5472 315 5520 rocem
330 5440 571 5516 sonantem‘in
589 5435 644 5509 his
658 5440 817 5533 scriptis,
839 5439 1046 5534 inspiratam
1060 5462 1081 5510 a
1096 5435 1180 5530 Spi-
1224 5434 1362 5507 clienter
1375 5435 1546 5527 petimus,
1569 5448 1609 5507 ut
1623 5433 1876 5510 Reverendiss.
1891 5453 1924 5512 et
1941 5462 2129 5545 generosae
2140 5437 2217 5510 Do-

1324 5329 1428 5403 Hane
1461 5332 1716 5406 confessionem
1740 5350 1774 5407 et
1803 5338 2093 5427 protestationem
2125 5339 2212 5409 obe·
2319 5365 2321 5371 ’
