4882 6426
318 373 368 445 99

319 543 368 618 Et
382 548 471 617 illud
492 545 676 621 Theocriti

356 676 481 757 Ἆδιαν,
508 672 682 760 ὦποιμὰν,
707 680 744 745 τὸ
767 679 838 745 τεὸν
855 679 965 760 μέλας,
988 676 1060 764 ded
1075 679 1208 760 καταχές

364 763 433 846 Τὴν
447 761 507 828 dud
524 769 582 839 τᾶς
594 763 708 849 πέτρας
721 766 933 847 καταλείβεται
947 764 1073 848 duodece
1086 764 1191 848 ὕδωρ,

319 912 408 980 quos
427 911 548 957 versus
564 889 613 958 sic
629 890 787 961 reddidit
799 886 987 960 Eobauus:

384 1015 519 1096 Thyrsi,
547 1026 631 1078 tunm
653 1037 774 1080 carmen
795 1030 918 1081 nostrae
940 1017 1099 1079 iucundius
1122 1016 1207 1094 auri,

387 1101 485 1176 Quom
508 1121 585 1179 quac
606 1104 814 1183 praecipitans
840 1105 904 1166 olto
925 1108 962 1167 de
985 1122 1060 1182 rupe
1084 1100 1173 1164 stravi

384 1186 557 1249 Murmurat
578 1190 660 1249 undo
682 1209 767 1252 sono.

320 1307 435 1391 Deus,
477 1322 641 1379 aeternus
681 1323 779 1400 pater
817 1308 861 1380 D.
896 1310 1011 1380 nostri
1053 1306 1134 1378 lesu
1169 1300 1315 1388 Christi,

322 1425 445 1481 auctor
483 1435 593 1479 venae
628 1424 725 1491 tuae,
769 1436 874 1504 quem
908 1412 1081 1494 celebras,
1119 1423 1152 1479 tc
1189 1419 1314 1480 servet.

322 1512 452 1604 Spero,
488 1513 671 1605 aliquanto
695 1528 772 1604 post
800 1514 904 1582 etiarn
931 1512 1076 1582 iustiora
1103 1509 1258 1602 praemia
1280 1522 1313 1579 te

322 1615 593 1705 impetraturum
624 1639 707 1687 esse.
767 1611 834 1700 Et,
871 1615 901 1682 si
935 1617 1070 1697 vivam,
1100 1635 1175 1681 non
1208 1612 1312 1679 deero

321 1717 376 1787 tui
403 1716 587 1785 similibus.
647 1715 836 1788 Rectorem
861 1730 895 1787 et
920 1714 1102 1786 Decanum
1130 1712 1213 1802 eligi
1248 1711 1314 1780 scis

322 1816 490 1887 Calendis
522 1816 640 1889 Maiis.
702 1817 771 1887 Sed
806 1818 942 1886 etiamsi
975 1817 1123 1900 abieris,
1161 1837 1228 1884 nos
1261 1812 1313 1882 tui

323 1920 498 1991 rationem
533 1914 753 1993 habebimus.
812 1919 882 1989 Sed
917 1932 958 1990 ut
991 1918 1206 2008 stipendium
1235 1940 1313 1984 cum

324 2022 521 2090 accessione
542 2021 703 2112 accipias,
729 2023 855 2090 vellem
883 2036 916 2090 te
942 2021 1063 2089 venire
1089 2033 1170 2088 aute
1195 2017 1314 2109 proxi-

324 2148 420 2192 mum
449 2123 534 2191 anni
561 2124 814 2215 quadrantem,
848 2122 1012 2191 videlicet
1038 2121 1176 2190 circiter
1198 2117 1316 2210 Lipsi-

324 2248 380 2293 cas
414 2225 604 2296 nundinas.
671 2210 853 2293 Castnero
892 2248 981 2317 qnae
1017 2245 1135 2291 remus
1181 2221 1315 2303 locum;

324 2327 382 2395 sed
416 2326 598 2394 occasione
631 2349 722 2416 opus
756 2342 826 2410 est,
862 2339 903 2395 ut
937 2325 1014 2394 scis.
1073 2323 1209 2392 Nuntio
1253 2336 1314 2390 tuo

323 2428 406 2495 dedi
439 2449 576 2514 grossos
610 2427 749 2517 viginti.
809 2427 915 2497 Mitto
942 2426 1010 2497 tibi
1036 2426 1172 2515 aliquot
1198 2447 1314 2493 exem-

323 2529 381 2618 pla
423 2541 565 2597 tuorum
606 2529 821 2620 optimorum
855 2551 1032 2598 versuum.
1094 2524 1193 2594 Bene
1225 2525 1314 2608 vale,

325 2630 381 2700 die
408 2627 443 2703 6.
470 2628 587 2721 April.

818 2741 1008 2839 Philippus
1035 2739 1261 2815 Melanthon.

212 3192 215 3197 ·
324 3143 509 3268 uere·

671 3335 729 3423 M.
764 3335 965 3446 Helioga.

392 3499 415 3568 †
434 3496 471 3550 Ex
489 3495 655 3566 autographo
674 3494 756 3558 Met..
779 3494 852 3562 quod
871 3492 1045 3562 Regiomont.
1065 3501 1217 3548 asservatur
1235 3492 1311 3561 [O.].

324 3644 549 3724 Clarissimo
571 3647 648 3715 viro
672 3639 873 3714 eruditione
897 3653 928 3712 et
951 3642 1078 3712 virtute
1093 3644 1312 3738 praestanti,

324 3753 378 3832 D.
404 3748 588 3824 Maurit
598 3747 614 3817 i
622 3772 642 3816 o
667 3743 878 3839 Heiling,
903 3743 1129 3839 gubernanti
1144 3739 1311 3817 scholam

555 3847 809 3928 Islebianam,
840 3848 959 3916 amico
981 3870 1068 3933 suo,

1243 3979 1250 3994 .
1360 3922 1424 3992 No.
1442 3916 1555 3992 3435.

323 3976 369 4067 S.
395 3991 440 4065 D.
491 3987 630 4060 Scimus
655 3985 730 4054 Deo
757 4004 861 4051 curae
887 4002 959 4049 csse
986 3979 1136 4069 puerilia
1159 4002 1313 4068 agmina,

325 4099 414 4168 sicut
446 4091 600 4160 affirmat
632 4087 706 4176 ipse
740 4085 833 4152 lilius
864 4083 933 4152 Dei
965 4081 1143 4172 inquiens:
1186 4076 1315 4173 angeli

324 4221 445 4269 eorum
480 4211 617 4284 semper
649 4180 768 4255 vident
794 4180 935 4282 faeiem
966 4180 1099 4277 patris.
1161 4179 1244 4250 Ideo
1280 4195 1313 4250 et

322 4303 475 4372 libenter
494 4290 578 4362 huic
603 4289 718 4359 coetui
742 4286 944 4370 serviamus,
967 4299 1001 4353 et
1021 4285 1182 4367 sciamus,
1207 4284 1314 4352 simul

324 4427 390 4474 nos
416 4397 492 4469 Deo
517 4417 620 4465 curae
647 4413 718 4459 esse
742 4413 821 4457 cum
849 4386 950 4476 ipsis,
984 4400 1016 4455 et
1036 4386 1188 4455 assidere
1210 4386 1314 4453 nobis

324 4503 466 4592 angelos
500 4509 612 4567 castos
644 4492 803 4561 custodes
830 4484 957 4556 horum
984 4488 1175 4577 agminum.
1236 4486 1313 4556 Hac

325 4622 357 4678 te
384 4597 624 4673 consolatione
649 4593 866 4673 confirmato,
892 4603 927 4660 et
947 4613 1065 4679 spera,
1091 4584 1205 4656 Deum
1227 4613 1313 4657 con·
1359 4602 1459 4697 Cum
1485 4651 1606 4696 earum
1629 4629 1824 4714 actionum,
1859 4653 1945 4721 quas

324 4718 543 4778 servaturum
559 4720 633 4766 esse
658 4708 776 4764 coetos
802 4692 1012 4760 discentium
1040 4704 1075 4760 et
1098 4690 1312 4762 docentium.

323 4910 455 5005 pingit,
481 4902 546 4973 tibi
570 4898 790 4969 commendo.
842 4886 1127 4986 Noribergensis
1154 4907 1223 4977 est,
1248 4917 1312 4962 na-

323 5028 380 5084 tus
405 5023 504 5101 patre
528 5001 692 5072 ministro
718 4994 925 5098 Evangelii,
956 5009 989 5064 et
1012 5019 1107 5064 nunc
1132 4991 1312 5084 orphanus

325 5128 386 5186 est.
443 5108 583 5180 Nomen
617 5116 669 5172 est
701 5099 776 5168 eius
809 5090 994 5167 Sebaldus
1021 5087 1221 5191 Caesar*).
1271 5096 1311 5168 Si

323 5226 438 5311 potest
472 5209 504 5277 ei
536 5207 634 5274 locus
666 5224 758 5286 esse,
797 5223 927 5292 quaeso
959 5211 999 5268 ut
1035 5222 1115 5268 eum
1151 5198 1212 5282 iis,
1249 5223 1311 5291 qur

323 5324 503 5415 praesunt,
528 5304 764 5379 commendes.
814 5300 868 5372 De
893 5293 1139 5394 Sigismundo
1171 5294 1309 5372 Worm

321 5479 535 5500 unu-*⁸³*—

903 374 1336 454 EPISTOLARUM
1393 381 1501 458 LlB.
1534 383 1580 463 X.
1633 383 1764 463 1546.

2287 392 2361 464 100

1362 568 1521 646 exspecto
1562 559 1717 630 reditum
1760 561 1914 630 doctoris
1955 554 2165 631 Michaelis
2203 558 2241 632 Τ
2241 560 2359 648 euber,

1361 680 1431 748 quo
1459 652 1621 728 adhibito
1648 661 1813 746 audiam,
1846 686 1935 755 quae
1968 664 2014 734 sit
2040 667 2204 735 voluntas
2231 661 2358 758 Sigis-

1361 751 1494 826 mundi
1518 761 1561 829 de
1591 762 1737 844 studiis,
1773 776 1807 833 et
1832 763 1933 833 vobis
1958 769 2194 858 respondebo.
2257 765 2359 836 Bene

1362 861 1460 945 vale,
1485 860 1544 929 die
1575 861 1616 929 V.
1643 860 1789 954 Aprilis

1958 961 2051 1036 Phil.
2079 967 2305 1042 Melanthon.

1361 1294 1428 1365 No.
1444 1292 1557 1367 3434.

1369 1389 1540 1418 m

2225 1312 2257 1376 5.
2276 1305 2358 1387 Apr.

1636 1492 1781 1574 Maior
1811 1494 1873 1576 ud
1899 1495 2068 1580 Ionam.

1429 1652 1449 1714 †
1467 1648 1504 1701 Er
1518 1650 1673 1721 apographo
1688 1649 1716 1703 ln
1732 1653 1794 1706 cod.
1807 1651 1888 1706 Goth.
1901 1653 1944 1707 28.
1959 1671 1985 1724 p.
1999 1654 2023 1706 9.

1513 1794 1539 1868 I
1547 1808 1649 1869 usto
1671 1795 1700 1868 I
1707 1823 1821 1870 onae
1848 1795 2031 1896 Georgius
2058 1797 2205 1872 Maior.

1362 1919 1461 2006 Cum
1507 1935 1705 2023 Imperator
1748 1934 1988 2026 iniquissimas
2029 1935 2251 2005 conditiones
2291 1955 2355 2001 suo

1363 2038 1476 2105 edicto
1511 2036 1615 2103 nobis
1642 2035 1860 2126 imponeret,
1902 2060 2029 2126 nempe
2071 2037 2217 2105 istarum
2245 2035 2356 2103 actio-

1362 2163 1450 2207 num
1481 2138 1621 2206 nullum
1648 2138 1846 2227 exemplum
1877 2139 2077 2207 mitteretur
2106 2135 2356 2207 illustrissimis

1363 2239 1588 2330 Principibus
1622 2238 1769 2318 nostris,
1807 2263 2010 2331 quanquam
2034 2240 2185 2307 maxime
2209 2240 2356 2307 interest

1363 2340 1523 2410 omnium
1539 2337 1777 2412 Ecclesiarum
1792 2340 1877 2409 talia
1891 2342 1990 2421 scire,
2017 2340 2216 2410 iuramento
2231 2359 2356 2408 omnes

1361 2443 1616 2531 obligaremus,
1657 2465 1721 2511 nos
1756 2442 1849 2511 nulli
1882 2443 2086 2512 mortalium
2122 2438 2224 2530 (baec
2255 2439 2353 2508 enim

1362 2558 1463 2612 erant
1500 2544 1604 2612 edicti
1642 2539 1781 2637 verba)‡
1805 2544 1994 2636 quicquam
2024 2539 2091 2612 hac
2121 2547 2164 2613 de
2193 2565 2232 2610 re
2269 2554 2353 2610 ante

1361 2645 1568 2714 relationem
1592 2646 1717 2714 factam
1735 2642 1942 2734 Imperatori
1957 2643 2053 2719 Max.
2072 2643 2354 2713 communicatu·

1361 2771 1434 2816 ros:
1467 2747 1670 2836 scripsimus
1685 2741 1769 2814 haec
1786 2745 2027 2817 Illustrissimo
2041 2745 2202 2836 Principi
2217 2759 2353 2822 nostro,

1361 2849 1423 2942 qui
1441 2848 1589 2938 singulis
1605 2848 1765 2939 expensis
1781 2871 1846 2916 nos
1870 2848 2058 2921 revocavit.
2111 2845 2162 2917 lta
2188 2847 2258 2914 iarn
2278 2846 2354 2914 col,

1361 2950 1521 3043 loquium
1545 2950 1645 3041 quasi
1664 2972 1874 3040 suspensum
1895 2963 1929 3019 et
1949 2950 2151 3018 dilatatum.¹
2202 2947 2242 3019 Si
2266 2971 2353 3039 pro-

1360 3053 1492 3143 positae
1508 3052 1641 3122 fuerint
1657 3051 1913 3120 tolerabiliores
1928 3052 2161 3133 conditiones,
2187 3062 2219 3117 et
2233 3048 2352 3117 omni-

1361 3178 1407 3221 no
1438 3154 1533 3222 volet
1565 3150 1692 3243 Imper.
1726 3153 1806 3220 lieri
1838 3152 2076 3241 cognitionem
2108 3154 2152 3220 de
2184 3150 2347 3220 doctrina

1359 3267 1498 3337 nostra,
1536 3256 1681 3322 fortasse
1721 3253 1925 3324 instituetur
1958 3255 2085 3322 iterum
2120 3252 2351 3346 colloquium.

1360 3355 1429 3426 Sed
1464 3355 1570 3424 audio
1605 3352 1857 3446 Imperatorem
1891 3349 1976 3423 haec
2006 3379 2080 3424 non
2116 3353 2205 3423 serio
2237 3376 2351 3442 agere.

1359 3455 1504 3526 Caetera
1537 3480 1654 3524 coram
1682 3456 1749 3525 tibi
1782 3456 1974 3548 aliquando
2005 3481 2191 3548 exponam.
2253 3453 2351 3527 Vale.

1360 3557 1568 3645 Vitebergae
1589 3559 1622 3630 d.
1641 3553 1676 3631 5.
1693 3552 1828 3647 Aprilis
1849 3554 1955 3632 1546.

2217 3933 2249 3993 6.
2272 3925 2350 4009 Ape.

1365 4015 1538 4045 Μ

1704 4102 1830 4184 Iusto
1854 4102 2002 4186 Ionae.

1428 4262 1449 4324 †
1462 4257 1499 4311 Ex
1513 4255 1657 4311 collectan.
1673 4255 1803 4322 Ballanst.
1818 4255 1880 4311 Vol.
1890 4257 1911 4314 l.
1927 4278 1953 4328 p.
1968 4256 2052 4321 tob..
2070 4258 2116 4328 qui
2130 4276 2189 4311 erm
2204 4258 2350 4331 descripsit

1463 4347 1477 4380 e
1491 4326 1553 4380 cod.
1567 4323 1684 4380 Gudiao.
1703 4322 1868 4398 Guelpberb.

1537 4475 1607 4551 Ph.
1634 4477 1823 4552 Melanth.
1854 4479 1991 4554 lusto
2016 4481 2171 4556 Ionae.

1969 4633 2074 4702 vestri
2102 4628 2160 4704 hic
2182 4637 2348 4712 institue·

323 4810 357 4881 N
546 4800 557 4867 l
790 4793 798 4809 ¹
993 4792 1002 4807 ,
1058 4793 1081 4861 t,
1281 4804 1293 4860 ι
1359 4743 1462 4812 runt,
1487 4744 1625 4799 tantum
1647 4731 1766 4798 audita
1789 4731 1834 4799 sit
1858 4726 1938 4799 heri
1958 4725 2151 4826 πρότασις,
2186 4735 2278 4810 nihil
2302 4747 2347 4812 de

359 4832 426 4879 unc
461 4817 495 4872 θῑ
526 4812 675 4868 aterum
709 4818 901 4872 m⁰⁸¹⁰¹¹¹⁰⁹
942 4817 1004 4883 (ΙΠι
1036 4816 1141 4858 ⁰¹³¹¹¹
1167 4815 1312 4861 V⁰¹¹¹¹⁵⁰
1359 4832 1407 4900 cis
1422 4831 1574 4899 scribere
1591 4854 1742 4919 possum.
1794 4829 2201 4925 Principisvoluntatem
2216 4842 2347 4913 bonam

1358 4954 1449 5010 esse,
1484 4955 1548 5002 vos
1569 4932 1638 5022 ipsi
1659 4933 1781 5006 nostis.
1832 4931 1928 5003 Deus
1949 4935 2072 5023 saciat,
2095 4954 2135 5008 ut
2149 4941 2287 5014 flectere
2301 4950 2346 5017 ad

1358 5033 1570 5126 aequitatem
1603 5033 1683 5102 illos
1716 5036 1846 5124 possit,
1888 5061 2040 5129 quorum
2069 5041 2282 5131 disceptator
2314 5063 2347 5118 et

1357 5130 1544 5228 διαιτητὴς
1564 5159 1638 5204 nno
1662 5138 1810 5205 consilio
1824 5139 1935 5207 sactus
1951 5152 2010 5208 est.
2062 5140 2222 5213 Scribam
2238 5148 2348 5238 igitur

1358 5237 1503 5327 privata.
1555 5235 1766 5306 Memoriam
1789 5230 1913 5309 mortis
1934 5233 2098 5311 Lutheri
2117 5246 2184 5314 alia
2203 5250 2347 5339 piorum

1356 5339 1541 5409 doctorum
1563 5340 1687 5408 funera
1703 5352 1738 5409 et
1762 5354 1935 5410 renovant
1949 5357 1982 5413 et
1994 5346 2185 5415 tristiorem
2200 5352 2348 5428 faciunt.

1355 5437 1446 5507 Nam
1485 5439 1579 5508 intra
1612 5441 1702 5509 duos
1730 5465 1868 5512 menses
1906 5445 2087 5517 amisimus
2124 5442 2346 5538 Lutherum,

356 5582 385 5651 *J
406 5579 511 5635 Caesar
523 5572 541 5627 i.
555 5589 580 5630 e.
597 5569 717 5639 Kayser.
731 5566 796 5626 vit.
813 5586 857 5639 ep.
876 5568 909 5622 ad
923 5567 1028 5624 Theoti.
1046 5565 1074 5620 d.
1091 5569 1132 5624 to.
1147 5567 1220 5637 Aug.
1233 5563 1309 5620 1545.
1355 5527 1582 5627 Cordalum,
1615 5533 1840 5629 Loenerum,
1872 5569 1977 5637 quem
1991 5541 2223 5645 Noriingam
2238 5557 2347 5628 mise.
