4882 6436
191 277 266 350 eos
405 375 410 388 .
769 253 1208 335 nersronaauru
1262 255 1371 330 ma.
1405 236 1463 335 Χ.
1505 255 1652 336 aare:
2157 233 2235 332 eoa

201 463 342 531 nostro,
366 463 472 536 quem
485 461 551 532 pro
566 461 624 508 me
639 434 696 529 pie
711 435 873 519 invoces,
899 457 938 503 ac
953 455 1010 500 me
1024 430 1092 500 tibi
1108 452 1190 522 per·
1342 429 1433 503 Cum
1451 444 1569 502 autem
1585 426 1642 500 his
1657 429 1783 500 diebus
1798 440 1921 500 contra
1938 451 2014 497 eam
2030 428 2147 518 legem
2162 428 2239 497 dis-

82 558 92 585 '
201 566 308 646 petuo
334 543 616 616 commendatum
640 534 782 610 habeas.
844 534 954 605 Datae
976 533 1127 625 raptim,
1153 531 1210 598 in·
1242 535 1382 602 cesserit
1397 533 1440 605 N.
1459 556 1523 601 nec
1546 533 1692 601 solverit
1716 531 1781 614 iis,
1806 531 1936 622 quibus
1955 531 2080 612 debet,
2105 531 2244 619 relega-

203 649 325 743 vigilia
340 645 546 730 Trinitatis,
571 639 697 725 Anno,
722 653 785 709 etc.
798 636 859 712 46.
1243 658 1321 704 mus
1342 660 1424 705 eum
1446 636 1489 702 de
1511 634 1686 704 sententia
1708 631 1847 701 consilii
1871 632 1983 699 nostri
2005 653 2050 699 era
2067 627 2132 700 hac
2149 632 2242 700 Aca-

1245 737 1378 823 demia,
1409 747 1451 806 ut
1478 735 1571 805 absit
1594 730 1679 804 hinc
1703 734 1909 804 triennium.
1974 728 2059 799 Hoc
2080 732 2239 822 exemplo

205 842 1196 883 ---------·--—-—--·-···.··
1245 836 1513 908 commonefacti
1533 835 1661 906 caeteri
1682 836 1814 903 maiore
1838 834 1907 902 fide
1931 844 2111 923 praestent
2137 834 2243 902 iusti-

224 990 292 1062 ΝΟ,
306 983 418 1059 5517,
670 973 675 988 “
1062 982 1121 1044 20·
1137 972 1197 1038 lul.
1245 937 1332 1009 tiam
1356 952 1389 1008 et
1410 938 1477 1007 alia
1499 932 1646 1008 honesta
1672 936 1797 1010 officia.
1853 931 1966 1004 Datae
1990 933 2053 1003 die
2073 935 2136 1005 20.
2158 933 2243 1003 lulli

79 1088 88 1101 ‘
210 1087 424 1123 mv
1061 1069 1197 1099 Μ
1247 1065 1342 1111 anno
1367 1036 1476 1112 1546.

107 5322 109 5327 ¹
229 5347 339 5400 nervo
361 5302 615 5388 iurisdictionis
636 5311 795 5378 nostrae,
826 5319 871 5366 ne
894 5298 975 5392 quia
996 5297 1153 5370 diffidat
1173 5321 1216 5368 εχ

556 1145 856 1235 Scholasticis.

276 1320 316 1376 Er
328 1315 442 1439 Scriptis
455 1311 571 1388 publicis
585 1309 722 1376 Viteberg.
739 1304 773 1388 T.
787 1303 809 1359 Ι.
826 1322 855 1378 p·
871 1301 956 1357 17212.
978 1330 1007 1347 -
1037 1301 1198 1359 Melantho.

311 1407 375 1445 nem
412 1403 447 1439 oc
464 1383 583 1437 edictum
601 1378 809 1447 conscripum,
832 1373 878 1427 vir
896 1373 1008 1427 dubium
1027 1382 1078 1427 est.
1114 1371 1199 1430 Cous.

313 1459 395 1512 etiam
409 1452 485 1525 epist.
499 1450 533 1504 ad
547 1447 778 1527 Seidemannum,
796 1459 865 1514 quae
877 1442 1008 1512 sequitur.
1261 1461 1328 1536 No·
1343 1461 1453 1535 8518·

209 1593 1203 1693 RectorAcademiaeMIohannesMarcellus,
1256 1559 1468 1597 m

212 1756 365 1844 Durate
388 1767 419 1831 et
436 1762 567 1827 vosmet
584 1748 689 1822 radus
704 1755 842 1819 servale
854 1739 1034 1816 secundis.
1084 1743 1202 1835 Quam

213 1875 260 1946 ad
274 1892 370 1961 spem
383 1885 459 1932 non
472 1854 611 1930 tantum
625 1849 791 1923 humanis
804 1849 1002 1920 rationibus
1015 1847 1202 1937 erigamur,

215 1975 276 2045 sed
290 1972 334 2038 iis
347 1958 660 2040 consolationibus,
676 1950 868 2046 quasDeus
882 1949 1075 2041 proposuit.
1102 1948 1203 2020 Sem-

215 2094 283 2170 per
301 2072 465 2148 fuerunt,
490 2073 573 2131 sunt
590 2071 624 2127 et
640 2068 745 2124 erunt
762 2052 881 2142 magni
900 2052 1073 2120 tumultus
1091 2050 1205 2142 impe-

215 2178 372 2253 riomm,
397 2167 483 2235 alias
504 2160 600 2231 alibi.
652 2154 750 2226 luter
765 2149 829 2222 has
845 2166 879 2222 et
893 2148 1052 2221 Ecclesia
1068 2153 1206 2221 duriter

154 2330 157 2334 Α
216 2285 419 2373 quassatur,
450 2285 558 2358 quam
586 2274 705 2329 tamen
719 2253 939 2324 'mirabffilfll'
961 2265 1079 2323 servat
1099 2251 1206 2335 Deus,
1253 2237 1297 2330 S.
1323 2253 1368 2326 D.
1421 2252 1575 2344 Fingant
1593 2252 1656 2322 alii
1679 2275 1800 2322 causas
1820 2251 1907 2322 belli
1925 2265 1967 2323 ut
1984 2254 2131 2340 volunt,
2155 2249 2251 2326 hanc

215 2394 258 2452 ut
279 2370 433 2447 servavit
449 2377 598 2436 stantem
611 2361 706 2429 inter
718 2379 891 2449 aquarum
907 2369 1045 2425 montes
1061 2355 1099 2422 in
1115 2352 1207 2422 mari
1255 2356 1479 2450 praecipuam
1496 2378 1568 2424 esse
1583 2378 1656 2424 non
1673 2353 1823 2424 dubium
1838 2367 1900 2440 est,
1925 2377 2017 2447 quae
2030 2356 2193 2449 pingitur
2208 2355 2249 2424 in

217 2481 340 2552 rubro.
389 2469 481 2541 Cum
501 2465 610 2555 igitur
625 2475 759 2532 certum
776 2458 843 2541 sit,
868 2479 1050 2526 mansuras
1064 2479 1138 2525 esse
1151 2478 1207 2524 re·
1256 2459 1407 2529 lectione
1437 2454 1610 2528 hodierna
1647 2453 1845 2544 Evangelii.
1905 2454 2006 2527 Sicut
2039 2452 2252 2527 Pharisaeus

218 2580 348 2674 liquias
372 2568 548 2643 Ecclesiae
572 2560 661 2646 Dei,
695 2574 729 2631 et
757 2559 900 2652 quidem
931 2558 984 2628 ibi
1005 2580 1208 2641 mansuras,
1257 2560 1393 2631 fastidit
1402 2556 1590 2633 ,Christum
1607 2581 1688 2626 cum
1702 2557 1912 2628 muliercula
1930 2557 2006 2626 eius
2022 2559 2128 2649 pedes
2142 2559 2250 2628 blan-

219 2684 425 2768 ubicunque
454 2666 596 2739 sonabit
626 2686 694 2731 vox
719 2657 925 2750 Evangelii,
961 2672 996 2727 et
1026 2659 1208 2730 doctrinae
1258 2662 1401 2732 dissime
1417 2660 1595 2730 osculatur
1610 2670 1644 2727 et
1658 2659 1775 2748 ungit:
1801 2658 1899 2729 itaet
1915 2672 2054 2728 nostros
2069 2659 2250 2752 principes

219 2782 338 2859 studia
367 2785 489 2855 eruut,
522 2791 597 2837 non
623 2763 831 2832 abiiciamus
855 2761 993 2839 literas,
1027 2785 1092 2829 nec
1116 2755 1208 2829 hanc
1259 2765 1330 2834 iam
1345 2763 1498 2832 oderunt
1511 2756 1715 2856 hypocritae
1728 2760 1916 2852 praecipue
1929 2761 1976 2829 ob
1989 2755 2082 2830 hanc
2095 2785 2251 2847 causam,

219 2898 378 2960 nostram
404 2871 567 2944 militiam
590 2868 810 2947 deseramus,
843 2864 903 2930 sed
926 2862 1022 2931 bona
1046 2886 1127 2931 cum
1149 2884 1210 2953 spe
1259 2866 1356 2959 quod
1386 2863 1571 2933 veritatem
1595 2884 1753 2931 amamus
1776 2876 1811 2932 et
1831 2856 1966 2930 Christi
1988 2864 2095 2953 pedes
2118 2863 2250 2933 nostris

217 2985 413 3061 serviamus
426 2974 526 3058 Deo,
551 2968 656 3039 etiam
677 2967 771 3034 inter
786 2986 884 3033 arma
901 2975 936 3031 et
948 2963 1043 3032 inter
1056 2962 1209 3035 classica.
1259 2964 1424 3060 lacrymis
1448 2965 1617 3034 lavamus.
1676 2961 1765 3032 Sum
1786 2963 1826 3030 in
1842 2955 1880 3058 *)
1903 2964 2096 3058 tranquillo
2121 2965 2251 3049 animo,

221 3089 436 3163 Misceamus
450 3087 569 3146 antem
583 3068 710 3140 studiis
725 3064 875 3156 gemitus
891 3077 925 3135 et
939 3078 1032 3150 vota,
1058 3079 1092 3135 et
1105 3065 1211 3134 nohis
1261 3082 1295 3138 et
1313 3091 1414 3158 spero
1430 3065 1644 3135 mediocrem
1656 3064 1786 3134 exitum
1803 3064 1908 3150 belli,
1934 3078 1969 3136 et
1984 3081 2078 3146 tum,
2099 3063 2176 3136 Deo
2191 3067 2251 3136 iu-

220 3188 315 3262 hauc
328 3182 398 3254 Dei
412 3199 535 3247 vocem
548 3170 782 3240 inculcem&
810 3162 1064 3235 wm’erlt‘mim'
1077 3160 1131 3235 ad
1143 3187 1211 3250 me,
1261 3181 1377 3252 vante,
1401 3168 1563 3237 animum
1579 3165 1625 3234 ad
1639 3188 1761 3235 omnes
1773 3189 1872 3235 casus
1888 3168 2053 3238 ferendos
2068 3190 2252 3259 praeparo.

222 3301 256 3362 el
273 3309 339 3381 ego
351 3283 543 3351 mmmm*
552 3265 607 3342 ad
619 3292 693 3341 ⁹⁰⁸·
1262 3268 1430 3341 Nondum
1446 3266 1657 3337 discedimus
1672 3261 1775 3352 hinc,
1797 3280 1832 3336 et
1846 3264 1962 3341 adhuc
1979 3270 2166 3338 mediocris
2182 3270 2253 3338 sre.

324 3382 500 3455 Duximns
513 3376 631 3465 itaque
647 3369 749 3439 vohis
764 3366 1034 3456 significandum
1050 3389 1141 3447 esse,
1167 3369 1211 3437 de
1263 3371 1407 3463 quentia
1425 3364 1486 3439 'est
1512 3382 1547 3438 et
1574 3369 1824 3459 tranquillitas.
1883 3369 1990 3458 Quod
2013 3395 2097 3440 vero
2118 3372 2254 3440 abeunt

223 3485 436 3580 migratione
465 3489 587 3547 1108112
610 3467 704 3541 nihil
724 3465 895 3540 hactenus
921 3470 1100 3540 decretum
1126 3492 1213 3554 esse,
1264 3471 1368 3543 multi
1389 3484 1449 3542 aut
1470 3494 1546 3539 non
1569 3469 1720 3540 studiosi
1743 3485 1805 3542 aut
1825 3496 1900 3542 non
1915 3471 2079 3542 instructi
2095 3471 2253 3563 pecunia,

225 3612 362 3683 nosque
378 3582 556 3669 deinceps,
575 3568 797 3644 donecDeus
811 3573 992 3657 concedet,
1017 3566 1075 3640 hic
1090 3594 1214 3663 operas
1263 3574 1303 3645 fit
1318 3574 1424 3647 etiam
1440 3596 1497 3641 me
1509 3566 1685 3642 hortante.
1722 3570 1849 3643 lubeas
1863 3574 1948 3644 forti
1962 3574 2082 3642 animo
2098 3597 2171 3642 esse
2186 3598 2254 3641 uo-

225 3686 451 3768 scholasticas
461 3683 614 3752 facturos
629 3696 714 3748 esse.
750 3671 823 3743 Nec
839 3684 957 3741 tamen
973 3667 1216 3764 prohibemus,
1266 3689 1356 3746 stros
1370 3673 1515 3760 amicos,
1533 3670 1579 3746 D.
1595 3660 1872 3760 Sebastianum,
1897 3673 1942 3746 D.
1955 3668 2188 3768 Philippum,
2208 3671 2255 3747 D.

225 3821 298 3893 quo
315 3791 434 3861 minus
447 3780 642 3862 discedant,
663 3776 692 3844 si
709 3775 772 3868 qui
786 3774 925 3843 malunt
939 3774 1027 3844 alibi
1041 3799 1114 3844 esse
1126 3799 1215 3867 qua·
1265 3770 1498 3849 Martinam.
1548 3771 1657 3846 Mitto
1680 3776 1783 3846 vobis
1796 3776 1979 3863 libellum,
2003 3776 2066 3870 qui
2082 3775 2193 3863 magis
2208 3775 2256 3844 ad

225 3916 366 3988 cunque
391 3890 435 3958 de
455 3905 570 3954 causa.
621 3876 698 3947 lllis
716 3899 800 3946 vero
819 3874 882 3967 qui
897 3877 1026 3946 adsunt
1042 3876 1216 3968 praecipi·
1267 3877 1502 3950 consolandos
1516 3873 1595 3967 pios
1610 3875 1761 3968 scriptus
1777 3891 1839 3963 est,
1860 3902 1965 3970 quam
1981 3891 2023 3948 ut
2042 3876 2256 3946 deTriden-

227 4020 325 4082 mus;
359 4004 399 4062 ut
418 3987 489 4056 sint
510 3978 704 4059 moderati,
730 4000 805 4046 non
824 3975 939 4046 solum
957 3989 1001 4047 ut
1014 3979 1101 4047 urbs
1116 3990 1217 4047 tran-
1266 3981 1342 4050 tina
1366 3979 1502 4074 synodo
1525 3978 1638 4049 multa
1661 3979 1833 4070 disputet,
1859 4004 1948 4072 quae
1970 4003 2045 4048 non
2067 3975 2256 4048 estEccle-

226 4097 375 4196 quillior
391 4083 446 4172 sit,
466 4085 566 4156 cuius
581 4081 635 4150 rei
650 4093 769 4151 tamen
783 4072 946 4147 habenda
963 4091 1014 4147 est
1028 4078 1131 4162 ratio,
1155 4079 1216 4147 sed
1267 4082 1340 4151 siae
1361 4079 1571 4163 concilium,
1602 4080 1663 4148 sed
1691 4075 1812 4179 ἀγορὰ
1839 4073 2041 4177 κερκόπων.
2101 4078 2200 4148 Bene
2222 4091 2258 4148 et

226 4202 341 4275 multo
361 4188 492 4280 magis,
517 4196 558 4255 ut
579 4181 816 4277 poenitentiae
832 4178 1125 4269 significationem
1139 4204 1217 4250 mo-
1267 4183 1417 4254 feliciter
1435 4181 1524 4255 vale.
1553 4177 1662 4255 1546.

223 4301 339 4378 destia
353 4313 496 4366 morum
508 4283 682 4356 ostendat.
1215 4312 1218 4319 -
1606 4292 1615 4302 ·
2056 4278 2124 4355 Ph·
2150 4279 2206 4354 Μ.

327 4398 420 4471 Nam
440 4413 524 4475 eos,
553 4385 618 4480 qui
640 4406 716 4452 non
737 4404 820 4451 vere
841 4382 1028 4453 nobiscnm
1049 4382 1217 4453 invocant

187 4552 190 4557 -
225 4504 363 4586 Deum,
387 4519 453 4566 nee
474 4485 713 4584 poenitentiae
733 4482 849 4553 officia
864 4497 1007 4570 curant,
1032 4484 1217 4555 mallemus

227 4603 353 4705 procul
380 4624 400 4669 a
430 4593 535 4667 nobis
559 4590 700 4672 abesse,
732 4609 840 4678 quam
862 4584 956 4659 inter
980 4609 1048 4655 nos
1070 4587 1216 4660 versari.

227 4711 308 4794 3454
334 4725 441 4794 ως),
472 4693 536 4786 qui
562 4686 750 4759 discessuri
771 4700 875 4774 sunt,
905 4694 1130 4772 mandamus,
1163 4699 1217 4772 ut,
1267 4711 1334 4786 No·
1349 4692 1463 4788 5519,
2121 4660 2257 4785 zalal.

1254 1291 1446 1306 W

1549 1661 1611 1746 M.
1638 1659 1940 1746 Seidemanao.

1320 1828 1344 1900 †
1359 1827 1398 1882 Ex
1410 1843 1506 1900 apogr.
1519 1825 1548 1881 in
1561 1825 1623 1883 eod.
1637 1824 1721 1881 Goth.
1733 1823 1797 1881 ³99.
1808 1842 1836 1895 p.
1850 1822 1908 1879 19⁴.

1253 1992 1482 2078 Clarissimo
1512 1999 1591 2071 viro
1624 1995 1792 2072 doctrina
1825 2007 1857 2069 et
1885 1995 2015 2068 virtute
2037 2001 2251 2096 praestanti

1368 2101 1424 2177 D.
1450 2098 1672 2174 Martiae
1697 2096 2045 2197 Seydemaano,
2070 2111 2133 2180 etc.

227 4819 325 4919 quod
347 4811 480 4878 iustum
503 4806 570 4880 est,
594 4790 813 4861 satiarunt
833 4784 906 4870 iis„
922 4787 1053 4879 quibus
1072 4791 1216 4860 dehent.
1274 4806 1446 4840 νον-ν
1539 4865 1544 4871 .
2127 4808 2259 4834 Μ

228 4921 284 4997 De
301 4907 477 4985 locatione
497 4897 602 4969 etiam
620 4891 737 4962 sciant
747 4910 896 4973 omnes,
924 4889 988 4981 qui
1004 4914 1078 4959 non
1095 4904 1213 4961 extro·
1558 4900 1620 4988 M·
1652 4901 1962 5019 Meienburgio·

222 5020 383 5098 duntur,
408 5007 468 5076 sed
485 5023 546 5071 sua
563 5007 687 5087 sponte
702 4991 874 5079 migrant,
896 4991 1105 5083 pensionem
1122 4991 1223 5087 inte-¹
1377 5066 1384 5082 ι
1447 5065 1454 5082 ⁸

228 5145 327 5218 gram
339 5137 405 5206 pro
420 5098 579 5179 semestri
596 5095 733 5167 solvere
749 5092 892 5162 debere.
1333 5064 1419 5141 flent
1435 5065 1485 5123 th.
1497 5068 1530 5123 v.
1549 5084 1577 5141 p.
1589 5066 1652 5124 tot.

330 5216 514 5288 Postremo
535 5202 765 5272 admonemus
778 5216 841 5264 vos
851 5195 986 5266 decreti
1001 5195 1147 5281 veteris,
1171 5196 1217 5265 de
1272 5225 1499 5251 --÷---·

300 5427 309 5444 ⁶
399 5417 408 5434 ,
1300 5348 1379 5425 *pin
1390 5346 1500 5422 quidem
1514 5348 1596 5406 habet
1608 5349 1683 5417 eod..
1695 5346 1742 5406 aed
1756 5347 1816 5405 rins
1831 5346 1916 5405 dnbio
1929 5366 1960 5405 rx
1972 5347 2084 5406 mendo.
2112 5346 2263 5421 &spatae

228 5430 433 5503 vadimonio
443 5432 511 5482 sen
526 5416 660 5487 aresta,
684 5413 726 5471 nt
741 5410 879 5473 vocant.
1333 5418 1513 5480 mu...
1535 5418 1666 5475 ,emp
