4882 6436
198 338 270 415 stt
783 331 1224 413 EPISTOLARUM
1284 334 1390 410 ΜΒ.
1417 334 1463 411 X.
1517 335 1649 416 1547.

199 537 286 608 qnae
302 511 438 584 occasio
446 512 555 584 suerit
565 512 787 581 discessionis
797 537 905 597 meae,
921 526 955 582 et
970 512 1066 605 quod
1081 504 1196 599 huc¹¹)
1240 506 1356 579 cultus
1370 502 1414 602 ²³)
1429 523 1464 579 et
1477 508 1620 600 ignotus
1635 523 1749 583 terror
1766 537 1823 582 me
1840 509 2066 584 vehementer
2081 513 2236 603 exagita-

197 616 356 685 venerim
375 640 456 685 cum
475 614 611 683 familia
632 639 729 698 mea,
754 614 967 703 cognovisti,
993 615 1022 681 si
1041 612 1195 704 quidem,
1239 609 1301 682 vit.
1326 612 1330 622 ‘
1354 607 1452 699 Quid
1472 626 1622 683 statuam
1644 639 1788 705 prorsus
1811 640 1885 684 non
1905 612 2031 689 habeo.
2082 611 2173 684 Nam
2195 615 2234 683 in

197 731 237 787 nt
269 741 391 809 spero,
429 717 544 786 nostri
569 717 761 786 familiares
793 712 909 786 isthuc
940 726 1193 807 pervenerunt.
1238 711 1388 802 patriam
1413 707 1560 794 devehi,
1594 718 1691 808 quod
1712 719 1857 803 vellem,
1890 719 2069 811 quomodo
2096 716 2232 786 familia

196 818 301 888 Nunc
322 821 360 889 in
375 820 481 903 urbe,
508 833 548 888 ut
564 819 608 885 ad
625 842 723 906 spem
741 820 958 887 defensionis
973 817 1093 886 omnia
1111 831 1194 887 sunt
1237 837 1332 898 mea,
1358 816 1401 884 de
1417 840 1486 908 qua
1500 819 1651 888 maxime
1666 820 1850 904 sollicitor,
1876 822 1998 912 possit,
2024 844 2097 887 non
2115 818 2231 887 video.

198 922 423 1012 explicatiora
439 935 472 990 et
489 908 685 1012 paratiora,
711 921 760 990 ita
776 921 891 990 maior
906 934 958 989 est
973 918 1133 1002 miseria,
1158 933 1191 989 et
1235 914 1417 986 Dicuntur
1430 918 1537 987 etiam
1553 917 1740 990 Caesareae
1755 923 1876 1015 copiae
1892 923 1954 991 illa
1971 922 2047 991 loca
2063 934 2182 989 tenere
2197 932 2230 988 et

197 1025 376 1094 calamitas
392 1023 533 1113 gravior
551 1022 682 1092 civium
706 1022 799 1091 inter
814 1023 1055 1091 munitionum
1070 1034 1106 1089 et
1121 1020 1190 1087 mi·
1236 1040 1298 1106 per
1314 1042 1353 1087 ea
1377 1021 1544 1105 transire,
1577 1022 1737 1092 subsidio
1754 1020 1799 1119 ²⁴)
1824 1041 1992 1096 venturae
2008 1022 2089 1091 duci
2106 1016 2229 1090 Mau-

197 1126 301 1195 litum
319 1127 460 1198 damna.
512 1120 612 1193 Nihil
629 1148 771 1216 possum
789 1126 832 1195 de
848 1120 904 1194 his
920 1125 1072 1192 scribere
1085 1146 1190 1214 prae·
1235 1115 1333 1192 risio.
1383 1118 1503 1191 Etiam
1529 1118 1758 1194 exssohcmia
1784 1122 1974 1222 †magnae
1997 1123 2143 1216 copiae”
2164 1127 2228 1192 ad-

194 1239 300 1298 terea.
351 1226 475 1296 Vincit
492 1226 587 1295 enim
604 1251 659 1296 res
676 1229 792 1296 omnis
806 1225 1020 1296 narrationis
1034 1220 1075 1318 ¹²)
1094 1239 1189 1295 atro·
1233 1221 1315 1289 duci
1337 1223 1464 1295 ferunt.
1518 1222 1561 1292 ln
1584 1220 1641 1295 his
1663 1227 1771 1315 igitur
1788 1228 1932 1299 latebris
1950 1222 2011 1323 ²⁵),
2036 1229 2148 1295 donec
2165 1227 2228 1294 de-

195 1329 355 1413 citatem,
381 1342 415 1398 et
429 1324 631 1423 Sylcesler,
657 1351 737 1398 cum
753 1328 894 1420 Lipsiae
911 1328 1032 1411 fuerit,
1058 1328 1188 1395 referre
1232 1324 1363 1393 saeviat
1377 1326 1563 1415 paululum
1580 1320 1707 1423 †haec
1723 1330 1925 1419 tempestas'
1941 1331 2035 1420 apud
2051 1327 2226 1418 optimum

194 1432 341 1520 poterit,
374 1455 464 1524 qnae
486 1432 561 1522 ipsc
584 1431 675 1501 vidit
698 1454 738 1499 ac
760 1432 909 1504 audivit.
960 1424 1188 1497 Franciscus
1231 1425 1428 1518 principem
1454 1423 1668 1523 †ovvee‘lotc
1684 1427 1847 1522 ἐμαυτὸν
1863 1425 1904 1524 ²⁰)
1922 1426 2117 1524 διαμεαῶ”.
2153 1428 2224 1500 Sed

194 1524 436 1625 Cramius¹³)‚
458 1534 515 1601 vir
530 1534 696 1624 optimus,
722 1536 816 1624 apud
834 1532 1029 1625 principem
1044 1532 1082 1599 in
1098 1531 1187 1600 urbe
1232 1531 1374 1618 quando
1391 1526 1535 1600 erithoc
1550 1533 1713 1622 tempus?
1736 1531 1816 1601 Hoc
1828 1534 1998 1600 nimirum
2016 1530 2222 1624 permitten-

194 1629 304 1729 est¹⁴)
328 1659 347 1703 a
374 1661 445 1728 quo
467 1630 546 1703 heri
569 1636 689 1705 literas
712 1636 830 1726 accepi
857 1631 1004 1704 honeste
1028 1634 1184 1724 scriptas.
1231 1630 1316 1697 dum
1340 1627 1415 1699 Deo
1440 1644 1502 1703 cst.
1553 1631 1644 1701 Heri
1669 1637 1858 1723 putabatur
1880 1635 2017 1726 aliquid
2042 1633 2224 1724 copiamm

193 1734 265 1805 Sed
290 1733 448 1807 honestis
472 1737 628 1805 consiliis
650 1737 750 1805 locus
778 1761 895 1829 neque
919 1749 1020 1805 antea
1043 1736 1186 1804 relictus
1230 1725 1300 1798 huc
1315 1746 1504 1802 venturum
1521 1757 1613 1818 esse,
1645 1737 1705 1804 sed
1722 1738 1902 1807 traductae
1917 1737 2085 1806 dicuntur
2100 1757 2222 1803 omnes

192 1838 278 1922 fuit,
312 1863 427 1930 neque
450 1863 547 1907 nunc
568 1839 641 1907 fere
663 1838 888 1930 relinquitur.
940 1836 1038 1906 ldem
1063 1839 1106 1906 ad
1131 1860 1186 1905 me
1231 1833 1270 1899 in
1284 1831 1434 1907 Salinas.
1473 1833 1581 1905 Latae
1594 1851 1710 1906 autem
1727 1853 1810 1908 sunt
1825 1838 2064 1922 conditiones,
2087 1838 2130 1905 de
2142 1837 2223 1928 qui-

192 1941 389 2010 transmisit
412 1941 531 2009 literas
552 1932 814 2033 Landgravii,
847 1941 976 2033 quibus
998 1939 1186 2030 respondet
1231 1935 1297 2002 bus
1319 1948 1354 2004 et
1377 1935 1505 2005 deinde
1525 1939 1568 2006 de
1591 1938 1695 2008 nobis
1713 1941 1800 2031 quid
1822 1940 1983 2009 futurum
2001 1941 2065 2023 sit,
2092 1939 2220 2011 nesci0.

192 2042 274 2114 tuis.
340 2036 496 2112 Additae
520 2056 620 2111 erant
642 2058 676 2113 ct
694 2037 731 2135 ¹⁵)
758 2043 885 2112 alterae
917 2043 961 2109 ad
984 2039 1186 2130 Principem
1231 2032 1401 2127 Optimus
1419 2033 1774 2133 princepsG‘eorgius
1790 2043 1994 2131 ingentibus
2009 2042 2102 2110 curis
2116 2041 2221 2132 plane

2164 337 2241 415 842

192 2136 407 2237 Georgium,
430 2168 579 2236 quarum
596 2146 794 2273 exemplum
810 2144 1019 2214 inclusimus
1034 2138 1090 2210 his
1105 2142 1186 2211 lite-

194 2247 255 2316 ris.
309 2245 417 2325 Tuas,
439 2247 607 2316 dubitans
624 2269 705 2314 sane
716 2247 869 2316 multum
883 2270 923 2314 ac
941 2246 1015 2330 diu,
1037 2269 1094 2312 me
1107 2258 1186 2313 tan-

140 2341 144 2347 ’
194 2349 277 2415 dem
301 2342 506 2419 cohortante
528 2342 590 2445 ¹⁶),
623 2349 817 2438 resignavit
837 2345 1018 2439 princ'eps,
1050 2361 1083 2416 et
1106 2371 1186 2437 per-

192 2473 300 2542 quam
324 2449 472 2518 sollicite
489 2452 671 2518 mandavit
688 2445 796 2534 mihi,
828 2464 868 2519 ut
890 2445 958 2517 hoc
974 2450 1105 2517 factum
1125 2473 1185 2516 ex·

194 2575 353 2619 cusarem
370 2551 483 2619 literis
503 2553 601 2624 meis.
653 2549 722 2621 Cui
737 2553 881 2644 quidem
898 2552 992 2634 dixi,
1017 2572 1074 2619 me
1090 2550 1186 2619 arbi-

191 2653 299 2737 trari,
339 2653 408 2721 nisi
428 2654 558 2722 factum
580 2648 649 2721 hoc
671 2655 812 2738 fuisset,
851 2666 886 2723 te
909 2654 1055 2723 moleste
1078 2652 1185 2721 fuisse

193 2756 369 2838 laturum,
411 2768 516 2848 atque
539 2754 688 2824 omnino
712 2756 929 2839 existimare,
962 2755 1185 2823 excusatione

193 2858 288 2946 apud
303 2869 337 2926 te
351 2880 426 2925 non
441 2879 550 2946 egere.
595 2855 658 2925 Me
674 2857 924 2946 contemplatio
939 2869 1011 2927 tam
1027 2852 1185 2925 horribi-

194 2959 239 3026 lis
255 2959 328 3027 irae
347 2959 508 3042 divinae,
535 2958 724 3047 grassantis
738 2954 778 3052 ¹⁷)
802 2958 917 3027 indies
932 2958 1054 3042 latius,
1079 2971 1112 3027 et
1128 2982 1185 3027 re-

194 3074 332 3151 spectus
348 3085 528 3144 meorum,
562 3074 596 3129 et
612 3074 725 3129 metus
742 3060 980 3150 praesentium
994 3073 1098 3153 atque
1117 3060 1185 3127 im-

194 3163 427 3253 pendentium
450 3164 595 3252 insuper
614 3162 854 3252 periculorum
877 3162 1024 3229 mirifice
1047 3175 1186 3252 pertur-

194 3259 324 3356 bat¹⁸),
349 3279 452 3357 atque
466 3265 577 3333 sentio
596 3277 711 3333 motus
726 3264 906 3332 interdum
923 3263 1046 3346 animi,
1065 3265 1185 3354 quales

193 3367 342 3434 minime
362 3368 510 3446 vellem,
542 3366 723 3435 interdum
746 3380 952 3435 consternor
973 3366 1184 3435 conscientia

195 3461 476 3561 ἁμαρτημάτων
495 3464 537 3560 1’“)
558 3493 596 3538 τε
620 3462 684 3537 καὶ
706 3459 1041 3560 παραπτωμάτων,
1077 3482 1110 3536 et
1132 3483 1186 3537 ta-

196 3594 280 3636 men
296 3565 341 3659 ²⁰)
366 3582 545 3652 sustento,
576 3582 617 3638 ut
632 3592 793 3659 possum,
825 3582 929 3661 teque
947 3593 1029 3653 oro,
1055 3583 1096 3638 ut
1116 3569 1186 3638 tuis

197 3669 424 3738 sanctissimis
442 3669 604 3759 precibus
626 3672 849 3738 commendes
864 3684 1022 3739 nostram
1037 3672 1185 3740 salutem

194 3767 358 3854 Christo,
390 3766 549 3863 mihique
572 3770 712 3838 veniam
738 3773 815 3855 des,
854 3773 950 3865 quod
976 3773 1053 3841 sine
1076 3772 1186 3841 dubio

195 3874 356 3941 dolorem
374 3886 475 3942 tuum
492 3896 601 3962 augeo
620 3864 737 3965 ταύτῃ
753 3877 801 3965 τῇ
822 3867 1050 3970 ὁμολογήσει.
1104 3872 1186 3942 Mea

194 3975 267 4042 sivo
283 3975 364 4062 fuga
375 3975 447 4042 sive
464 3975 628 4044 discessio
646 3977 726 4044 data
736 3988 787 4044 est
800 3977 955 4044 familiae
969 4000 1080 4059 meae,
1098 4001 1186 4068 quo-

193 4100 274 4146 rum
290 4077 510 4166 perculsione
525 4077 753 4147 molliebatur
770 4077 911 4149 animus
927 4074 990 4169 ²¹),
1021 4074 1110 4157 ὥςτε
1126 4104 1188 4149 πε-

195 4180 272 4249 σεῖν
289 4172 404 4250 ἐνίοτε
422 4174 523 4272 παρὰ
540 4174 662 4249 ποσίν.
1017 4251 1023 4255 .

296 4279 364 4349 Sed
385 4294 419 4349 et
433 4275 476 4373 ²²)
500 4280 567 4347 alia
584 4275 675 4346 mihi
690 4281 870 4369 ingentem
886 4282 1113 4352 formidinem
1131 4283 1188 4350 in-

195 4380 381 4465 iiciebant,
413 4384 456 4449 de
480 4380 609 4473 quibus
625 4381 853 4451 scribendum
872 4397 1037 4467 nonest,
1071 4399 1104 4454 et
1127 4409 1187 4453 oc-

232 4529 274 4594 11)
295 4529 347 4580 lene
360 4544 415 4578 non
430 4525 509 4578 hahet
522 4524 583 4578 cod.
599 4524 678 4578 Mon.
689 4525 733 4578 88.
750 4524 1118 4598 ·lntelligitMerseburgum,
1132 4546 1186 4597 quo

265 4614 293 4648 se
304 4594 457 4648 contulerat
473 4594 653 4647 Camerarius.

186 4741 193 4756 .
233 4681 276 4749 12)
294 4680 363 4736 cod.
380 4680 458 4732 Mon.
471 4680 513 4732 88.
530 4680 659 4731 omnium
676 4681 892 4735 narrationum.
931 4692 933 4697 ’

234 4762 280 4830 13)
301 4763 372 4817 cod.
384 4763 465 4815 Mon.
479 4762 520 4815 88.
537 4761 707 4814 Crammius.

231 4850 276 4919 11)
293 4850 310 4905 i.
325 4870 350 4904 e.
362 4847 468 4918 Lipsiae
481 4849 552 4919 apud
567 4847 730 4901 Mamilium
745 4847 864 4902 Ducem.

234 4934 278 5001 15)
297 4943 325 4987 et
339 4934 441 4988 abesto
458 4934 520 4988 cod.
538 4932 615 4986 Mon.
629 4933 671 4985 88.

235 5019 279 5086 16)
298 5018 368 5074 Cod.
383 5017 462 5070 Mon.
477 5017 521 5070 88.
535 5019 679 5068 hortante.

234 5101 277 5170 17)
298 5100 368 5155 cod.
383 5101 461 5153 Mon.
471 5100 680 5166 88.gravantis.

235 5186 277 5256 18)
295 5182 384 5240 Menl.
398 5186 579 5249 perturbant.

234 5275 280 5341 19)
300 5271 370 5328 cod.
383 5270 465 5323 Mon.
478 5270 523 5326 88.
541 5266 664 5343 ἁμαρτῇ.

232 5359 278 5426 20)
296 5355 431 5411 Ercidiese
447 5353 568 5407 ridetur:
595 5372 650 5407 me.
785 5405 787 5408 ,

232 5444 280 5512 21)
301 5440 368 5498 cod.
386 5439 467 5493 Mon.
480 5438 522 5493 88.
541 5438 632 5492 addit:
658 5457 746 5494 meus.

231 5528 279 5599 22)
299 5533 339 5595 et]
353 5525 440 5580 Manl.
457 5533 501 5592 le,
522 5522 662 5578 mendose.

1231 2138 1435 2221 coniicitur,
1469 2155 1500 2209 et
1519 2163 1579 2209 sua
1597 2143 1813 2230 benignitate
1829 2147 1914 2213 dum
1933 2145 2098 2236 prodesse
2114 2167 2220 2235 qnam
2269 2178 2277 2185 ·

1231 2238 1394 2329 plurimis
1412 2236 1454 2335 ²⁷)
1469 2244 1604 2328 studet,
1624 2239 1825 2339 †magnis”
1837 2246 2002 2336 periculis
2017 2269 2089 2313 sese
2104 2246 2220 2311 invol-

1230 2342 1292 2412 vit.
1335 2340 1417 2410 Non
1433 2344 1528 2411 enim
1543 2358 1595 2414 est
1609 2370 1705 2415 nunc
1719 2346 1815 2417 ullus
1831 2348 1973 2430 virtuti,
1998 2342 2221 2431 humanitati,

1230 2443 1466 2513 moderationi
1496 2447 1607 2516 locus.
1664 2447 1803 2518 Literas
1830 2449 1929 2518 misit
1955 2452 2000 2518 ad
2029 2463 2220 2540 utrumque

1229 2545 1445 2637 principem,
1471 2572 1558 2641 quas
1572 2551 1610 2617 in
1626 2575 1732 2641 quam
1746 2565 1881 2642 partem
1896 2552 2072 2642 accepturi
2086 2546 2221 2644 sint²⁸)‚

1230 2670 1313 2715 sane
1329 2672 1505 2721 veremur.
1542 2649 1616 2720 Nos
1629 2648 1745 2721 adhuc
1760 2654 1852 2721 inter
1867 2667 1938 2723 tam
1953 2655 2147 2722 multorum
2167 2654 2220 2721 af-

1230 2747 1403 2818 flictiones
1421 2765 1455 2820 et
1479 2752 1517 2819 in
1535 2754 1677 2844 publica
1700 2757 1852 2847 quadam
1873 2755 1972 2823 clade
1989 2756 2139 2846 protexit
2156 2755 2219 2822 be-

1231 2851 1337 2938 nigne
1354 2846 1395 2942 29)
1420 2853 1538 2934 Deus,
1565 2879 1654 2948 quos
1672 2858 1777 2927 etiam
1792 2853 1836 2948 ὀ)
1857 2853 1999 2946 posthac
2019 2858 2220 2926 miscricor-

1231 2953 1288 3021 dia
1305 2976 1366 3021 sua
1382 2956 1608 3025 defensurum
1625 2982 1709 3039 csse,
1730 2972 1900 3051 quantum
1915 2983 2056 3050 possum
2068 2960 2221 3041 conlido,

1231 3069 1265 3124 et
1282 3077 1346 3144 ago
1363 3055 1396 3123 ei
1411 3052 1453 3151 ³¹)
1470 3059 1731 3153 qualescunque
1749 3061 1876 3150 gratias
1890 3085 1970 3129 cum
1986 3061 2093 3141 meis,
2117 3076 2151 3130 et
2167 3061 2222 3128 illi

1231 3159 1441 3225 commendo
1463 3161 1736 3251 rempublicam,
1770 3163 1829 3231 cui
1846 3162 1993 3255 ¹utinam
2023 3186 2160 3251 possem
2177 3158 2221 3258 32)

1230 3259 1307 3347 opis
1323 3260 1458 3354 aliquid
1475 3263 1611 3331 adferre
1628 3263 1774 3332 interitu
1790 3289 1878 3331 meo.
1922 3260 2023 3332 Nihil
2039 3265 2111 3333 sere
2125 3267 2221 3356 qnod

1230 3359 1420 3439 scriberem
1429 3363 1627 3453 ampliusin
1635 3361 2068 3438 mentemmihiveniebat.
2087 3365 2223 3434 Trans-

1230 3461 1297 3530 ibit
1314 3457 1500 3555 Sylvesler
1519 3480 1597 3536 tuas
1617 3469 1734 3556 copias
1750 3450 1941 3550 Electoris3
1970 3463 2081 3546 nihil,
2108 3493 2222 3559 spero,

1231 3563 1264 3630 ei
1278 3565 1426 3653 periculi
1443 3565 1539 3650 fore,
1571 3567 1634 3636 etsi
1651 3594 1670 3637 a
1688 3568 1835 3637 militari
1852 3578 1961 3636 mann
1977 3565 2045 3636 hoc
2065 3581 2222 3658 tem-pore

1232 3665 1353 3734 omnia
1376 3679 1458 3734 sunt
1480 3670 1681 3737 metuenda.
1731 3668 1824 3737 Vale
1841 3670 1893 3737 mi
1915 3670 2118 3738 suavissime
2134 3668 2223 3740 Phi-

1231 3764 1337 3856 lippe.
1369 3764 1497 3836 Nostra
1513 3770 1648 3838 familia
1666 3784 1699 3840 te
1715 3783 1749 3839 et
1762 3783 1842 3839 tuos
1858 3771 1996 3843 salutat.
2022 3766 2224 3859 Romarm,

1231 3866 1288 3934 vir
1304 3868 1459 3959 optimus
1475 3882 1510 3937 et
1525 3871 1663 3960 pietatis
1681 3896 1720 3940 ac
1735 3872 1935 3942 studiorum
1950 3872 2223 3960 amantissimus,

1232 3969 1416 4037 mirificam
1432 3995 1573 4060 operam
1590 3972 1856 4080 navatLipsiae‚
1879 3998 1984 4066 quem
2000 3969 2223 4045 hocnomine

1232 4096 1251 4138 a
1269 4084 1301 4139 te
1316 4073 1427 4161 magis
1452 4066 1480 4169 †
1495 4073 1625 4145 etiam’'
1639 4099 1744 4168 qnam
1759 4090 1861 4145 antea
1876 4077 1985 4144 amari
2002 4079 2117 4168 cupio.
2151 4077 2225 4147 Da-

1233 4184 1287 4241 tae
1312 4171 1517 4266 Mersburgi
1540 4177 1597 4246 die
1621 4179 1656 4250 8.
1681 4175 1856 4261 Ianuarii,
1894 4201 1988 4247 anno
2012 4180 2225 4249 instauratae

1232 4276 1355 4345 salutis
1374 4277 1485 4350 1547.
1606 4274 1635 4374 †
1652 4277 1695 4347 Τ.
1712 4275 1911 4348 loachimns
1927 4277 2177 4351 Camerarius.''

1265 4497 1311 4565 23)
1328 4509 1359 4550 et
1373 4503 1497 4552 occultus
1509 4499 1538 4552 in
1558 4500 1619 4555 cod.
1634 4501 1714 4555 Mon.
1729 4502 1772 4555 88.
1787 4503 1988 4555 desiderantur.

1266 4583 1313 4647 24)
1333 4581 1402 4637 cod.
1421 4583 1502 4637 Mon.
1518 4584 1563 4638 88.
1575 4586 1677 4641 subito.

1268 4666 1316 4727 25)
1338 4665 1426 4720 Manl.
1439 4668 1548 4721 latebis.

1267 4749 1316 4818 26)
1336 4749 1693 4831 Cod.lrlop.88.mendose:
1707 4739 1987 4825 constructumc—
2007 4759 2229 4830 Manliusgeaeca

1302 4829 1494 4884 praetermisit.

1268 4901 1314 4964 27)
1330 4906 1465 4968 prodesse
1478 4921 1564 4971 quam
1577 4908 1723 4976 plurimis]
1737 4908 1824 4963 Manl.
1841 4922 1969 4964 evertere
1985 4915 2121 4979 periculo.
2159 4915 2230 4966 For·

1303 4981 1371 5051 tasse
1385 4971 1517 5042 scriptum
1532 4973 1598 5028 luite
1617 4977 1680 5029 dum
1695 4979 1823 5048 prodesse
1838 4998 1865 5050 q.
1876 4980 1999 5049 plurimis
2007 4992 2034 5033 et
2047 4993 2169 5035 avertere
2180 5002 2230 5053 pe-

1303 5038 1399 5121 rscula.
1417 5072 1452 5080 —
1486 5041 1645 5098 Lectionem
1666 5046 1771 5100 codicis
1792 5049 1922 5119 praetuli,
1947 5051 2008 5119 quia
2028 5051 2154 5119 prodesse
2173 5052 2231 5105 eliis

1304 5109 1473 5174 benignitati
1485 5111 1569 5183 magis
1582 5115 1713 5171 convenit
1725 5132 1805 5186 quam
1824 5126 1944 5170 avertere
1957 5117 2077 5188 pericula
2093 5119 2211 5189 publica.

1268 5195 1320 5264 28)
1337 5193 1429 5250 Manl.
1443 5197 1515 5252 eure.

1270 5279 1317 5343 29)
1337 5279 1466 5347 benigne]
1480 5279 1568 5335 Manl.
1586 5284 1704 5350 quedem.

1271 5361 1316 5430 80)
1334 5378 1404 5430 quoe
1418 5365 1517 5429 etiam]
1528 5365 1592 5418 cod.
1605 5366 1685 5419 Mon.
1694 5366 1737 5419 88.
1744 5384 1826 5434 quem
1840 5378 1876 5422 et.

1271 5448 1318 5515 81)
1336 5448 1374 5513 ee]
1387 5448 1450 5502 cod.
1463 5449 1544 5503 Mon.
1556 5451 1599 5508 88.
1618 5451 1690 5505 huie.

1274 5529 1320 5598 82)
1339 5530 1429 5585 Mani.
1438 5535 1554 5598 possim.
