4882 6426
209 275 282 349 761
736 252 1221 360 =EPISTOLAEUM
1275 262 1386 340 LlB.
1420 263 1467 345 X.
1520 263 1714 356 totta,
2181 275 2257 349 762

209 446 277 529 cis,
303 466 412 538 quare
426 443 578 515 studiosi
591 443 830 514 adolescentes
845 442 1043 514 necessario
1059 441 1217 528 avobis,
1257 450 1438 530 optamus,
1471 460 1598 531 puram
1617 433 1806 531 Evangelii
1828 439 2027 514 doctrinam
2050 456 2085 517 et
2104 446 2253 517 salutem

209 546 269 640 qui
284 548 335 627 ad
353 544 592 636 gubernacula
609 545 825 636 reipublicae
843 546 990 630 sedetis,
1014 568 1117 635 opem
1136 543 1206 617 im·
1254 537 1424 611 Ecclesiis
1438 541 1539 634 quasi
1553 541 1774 631 postliminio
1790 544 2044 636 omnipotentis
2058 542 2125 616 Dei
2140 548 2253 638 gratia

207 648 362 738 plorant.
414 644 484 716 Hic
500 648 704 717 adolescens
718 639 912 716 Melchior
926 640 1125 716 Patronus
1140 668 1206 715 na·
1255 640 1462 712 redeuntem
1495 637 1665 712 Ecclesiis
1696 644 1831 737 ubique
1863 646 2092 731 conservari,
2122 650 2251 719 merito

207 763 264 817 tus
287 761 339 818 est
361 747 400 815 in
424 747 562 818 ditione
584 747 757 840 principis
778 745 1148 838 Brandenburgensis,
1171 761 1206 817 et
1253 743 1394 835 piorum
1411 738 1598 813 homiuum
1613 743 1840 817 miseratione
1855 747 2039 818 allicimur.
2070 745 2252 832 Deberent

206 845 297 917 mihi
322 848 465 941 quidem
491 849 632 921 videtur
653 850 797 938 ingenio
825 873 898 918 esse
919 852 1080 920 modesto
1102 862 1137 919 et
1160 850 1204 918 ad
1255 846 1349 913 cuim
1379 845 1450 937 piis
1477 844 1641 940 lacrymis
1664 859 1782 917 tantae
1804 871 1994 918 aerumnae
2019 865 2054 919 et
2076 850 2252 944 lacrymae

206 950 326 1020 literas
343 949 426 1018 satis
445 963 538 1040 apto.
597 947 736 1020 Placuit
750 946 840 1018 mihi
856 964 891 1022 ct
905 975 1016 1042 genus
1032 951 1209 1021 orationis
1254 969 1395 1030 eorum,
1429 944 1492 1039 qui
1526 949 1573 1017 ob
1607 947 1789 1017 veritatem
1824 944 2012 1039 Evangelii
2046 965 2249 1039 gravantur,

207 1065 240 1120 et
257 1050 506 1141 pronunciatio
522 1050 643 1140 ipsius.
680 1047 799 1122 Habet
813 1065 930 1121 autern
946 1054 1002 1122 ius
1016 1052 1203 1122 sacerdotii
1253 1071 1358 1139 quam
1375 1048 1527 1117 maxime
1544 1049 1643 1118 cordi
1666 1071 1750 1118 esse.
1800 1046 1892 1125 Cum
1913 1052 2033 1144 itaque
2054 1053 2249 1122 audivisse-

206 1153 389 1221 cuiusdam
410 1151 449 1218 in
468 1149 596 1222 Ulsna:
621 1153 682 1220 sed
705 1153 829 1223 rustici
849 1148 979 1224 horum
1003 1167 1202 1246 temporum
1252 1172 1349 1230 mus,
1383 1151 1549 1219 mandato
1570 1147 1728 1221 Romani
1750 1150 1935 1221 Pontificis
1955 1152 2149 1222 nonnullos
2168 1150 2249 1244 pios

204 1253 346 1322 barbari
362 1275 436 1321 non
452 1252 596 1323 solvunt
610 1255 766 1340 reditus,
793 1269 827 1325 et
843 1255 977 1327 reditus
992 1255 1144 1326 maxima
1160 1280 1201 1325 cx
1251 1251 1358 1335 viros,
1383 1251 1588 1340 praesertim
1604 1274 1688 1321 vero
1705 1254 1895 1344 quendam,
1916 1253 2061 1323 nomine
2075 1248 2248 1322 Baldam

203 1368 302 1445 parte
319 1355 532 1424 debentura
555 1355 709 1425 subditis
726 1351 960 1430 Marchionis.
1010 1356 1130 1427 Habes
1145 1370 1201 1428 to·
1251 1345 1468 1447 Lapedam,
1494 1347 1675 1422 hominem
1694 1353 1865 1442 singulari
1885 1354 2014 1445 pietate
2031 1368 2065 1425 et
2084 1357 2248 1426 doctrina

151 1499 155 1508 ·
203 1469 275 1524 tam
297 1449 557 1527 hanceausam.
608 1455 713 1527 Nunc
727 1471 762 1526 te
778 1481 842 1528 oro
859 1481 923 1550 per
944 1453 1200 1530 humanitatem
1253 1455 1473 1546 praeditum,
1504 1455 1599 1545 apud
1615 1477 1678 1524 vos
1694 1478 1837 1548 quoque
1853 1454 1977 1545 capitis
1989 1457 2248 1546 propemodum

203 1568 320 1641 tuam,
353 1568 394 1627 ut
422 1552 687 1643 scholasticum,
720 1559 783 1653 qui
812 1561 944 1644 bonam
968 1562 1011 1629 de
1039 1585 1075 1630 se
1103 1585 1198 1651 spcrn
1251 1555 1409 1648 periculo
1425 1556 1652 1640 accersitum,
1678 1557 1765 1626 etin
1785 1556 1926 1625 vincula
1946 1556 2145 1626 coniectum
2162 1581 2246 1642 esse,

202 1659 363 1749 praebet,
389 1657 553 1744 adiuves,
578 1683 618 1730 ac
636 1661 811 1750 perficias,
836 1675 876 1731 ut
891 1662 1078 1732 autoritate
1098 1663 1199 1754 prin·
1250 1681 1401 1750 eumque
1416 1652 1531 1727 adhuc
1545 1659 1713 1727 detineri:
1736 1659 1901 1726 duximus
1912 1657 2018 1726 officii
2032 1659 2145 1727 nostri
2161 1682 2246 1745 esse,

202 1759 289 1850 cipis
303 1772 476 1848 cogantur
490 1761 613 1831 rustici
627 1764 670 1830 ad
687 1762 875 1854 pensiones
892 1764 1090 1838 solvendas.
1116 1762 1199 1833 Non
1249 1783 1371 1850 proco
1389 1773 1423 1830 et
1439 1782 1504 1851 pro
1525 1758 1604 1827 aliis
1620 1759 1689 1850 piis
1706 1752 1913 1829 hominibus
1934 1758 2046 1828 literis
2062 1773 2096 1829 et
2117 1761 2244 1850 depre-

202 1859 347 1939 dubito,
375 1861 465 1953 quin
489 1885 555 1951 pro
587 1874 646 1932 tua
669 1865 864 1952 praestanti
889 1864 1020 1935 virtute
1046 1866 1200 1936 libenter
1231 1860 1449 1930 -cationibus
1465 1861 1594 1930 nostris
1611 1860 1839 1932 intercedere.
1874 1855 2026 1929 Damus
2042 1883 2125 1949 crgo
2147 1865 2243 1933 etad

201 1962 331 2032 tuearis
343 1956 590 2048 scholasticos,
617 1976 651 2033 et
668 1959 726 2032 hic
744 1964 882 2035 iuvenis
898 1967 1039 2038 nullum
1062 1992 1196 2037 novum
1247 1958 1452 2030 Amicitiam
1475 1977 1626 2031 vestram
1651 1962 1752 2031 etad
1781 1985 1842 2030 vos
1866 1956 1968 2030 hasce
1990 1961 2128 2046 literas,
2155 1986 2243 2056 quas
2352 2026 2362 2050 ,

201 2085 333 2132 munus
366 2063 465 2152 petit.
517 2063 718 2135 Autoritate
749 2087 805 2134 res
831 2068 952 2159 perlici
983 2083 1117 2159 potest,
1151 2092 1196 2137 ne
1247 2076 1368 2132 nostro
1387 2075 1421 2131 ct
1441 2063 1593 2132 aliorum
1608 2065 1647 2130 in
1663 2085 1765 2131 causa
1781 2063 1962 2151 religionis
1977 2063 2242 2135 confoederato·

199 2163 323 2233 rustici
346 2161 401 2243 id,
427 2166 525 2254 quod
545 2164 658 2234 literis
677 2166 846 2251 debetur,
872 2167 1003 2239 iniuste
1024 2171 1197 2240 interver-
1246 2188 1326 2235 rum
1340 2164 1544 2256 principum
1563 2179 1596 2234 et
1610 2163 1778 2233 ordinum
1794 2161 1938 2253 imperii
1961 2163 2107 2232 nornine
2123 2165 2242 2234 edidi-

200 2277 328 2336 tentet
344 2264 527 2337 devorent.
578 2263 670 2336 Cum
686 2278 804 2336 autern
818 2266 1021 2341 adolescens
1036 2295 1055 2340 a
1073 2286 1197 2341 natura
1243 2288 1343 2349 mus,
1368 2288 1583 2354 arrogamus
1601 2278 1635 2336 et
1654 2260 1887 2334 adhortamur
1900 2288 1979 2348 vos,
2005 2265 2052 2333 ita
2068 2279 2108 2335 ut
2121 2266 2241 2336 existi-

199 2367 249 2437 ita
266 2365 313 2436 sit
331 2365 525 2436 instructus
542 2377 578 2436 et
592 2367 715 2457 flagret
736 2392 856 2438 amore
878 2370 1080 2457 literarum,
1103 2375 1196 2442 bona
1244 2389 1420 2435 meremus
1437 2389 1500 2434 vos
1514 2367 1765 2456 gubernatores
1780 2365 2049 2434 florentissimae
2066 2366 2240 2457 reipubli-

201 2490 279 2558 spes
294 2479 356 2552 cst,
374 2462 443 2536 hoc
459 2468 669 2537 beneficium
684 2468 723 2536 in
739 2469 856 2560 ipsum
870 2472 1006 2544 utiliter
1019 2475 1197 2548 collocari.
1245 2492 1304 2537 cae
1326 2468 1373 2537 ita
1395 2468 1597 2537 defensores
1622 2481 1658 2537 et
1675 2466 1867 2535 nutritores
1884 2464 2062 2536 Ecclesiae
2082 2490 2174 2552 esse,
2198 2482 2240 2540 ut

199 2566 303 2659 Rogo
319 2567 426 2658 igitur
443 2582 475 2639 te
490 2569 594 2639 etiarn
609 2582 715 2662 atque
729 2571 846 2658 etiarn,
872 2597 917 2641 ne
932 2574 964 2643 ei
977 2575 1079 2648 desis.
1119 2573 1196 2664 Ego
1244 2569 1456 2638 intueamini
1479 2568 1557 2659 pios
1580 2582 1614 2639 et
1636 2569 1843 2637 innocentes
1866 2566 1982 2652 viros,
2012 2568 2085 2659 qui,
2098 2593 2240 2639 morum

199 2694 341 2764 quoque
357 2693 434 2739 mea
449 2671 566 2740 studia
581 2671 651 2741 tibi
674 2674 902 2760 commendo,
929 2700 968 2745 ac
984 2699 1197 2768 magnopere
1245 2663 1428 2739 honestate
1445 2682 1480 2738 ct
1500 2669 1593 2739 vitae
1609 2669 1842 2738 sanctimonia
1861 2669 2036 2739 excellunt
2060 2684 2093 2739 et
2110 2672 2240 2742 verita·

200 2785 302 2864 opta,
325 2772 694 2847 amicitiamnostram
709 2788 913 2865 perpetuam
929 2799 1012 2846 esse.
1050 2776 1197 2869 Semper
1246 2785 1317 2842 tem
1346 2767 1535 2860 Evangelii
1564 2771 1843 2863 amplectuntur,
1873 2766 2051 2839 Ecclesiae
2076 2772 2238 2860 dogmata

199 2874 293 2942 enirn
318 2885 352 2943 te
371 2885 517 2966 propter
536 2875 709 2943 excellens
733 2875 915 2965 ingenium
939 2892 972 2947 et
996 2879 1196 2947 doctrinam
1246 2897 1320 2941 non
1340 2873 1548 2942 convellunt
1564 2896 1629 2941 nec
1653 2896 1744 2941 nova
1768 2872 1935 2960 gignunt,
1961 2873 2020 2940 sed
2046 2896 2181 2942 errores
2204 2887 2239 2944 et

198 2989 235 3057 et
254 2975 425 3068 optimam
454 2975 673 3046 voluntatem
705 2999 784 3064 erga
812 2979 1067 3068 rempublicam
1094 2980 1196 3050 valde
1246 2975 1394 3053 abusus,
1421 2974 1483 3066 qui
1498 2986 1619 3043 contra
1635 2969 1869 3063 Evangelium
1885 2968 2018 3042 Christi
2035 2988 2068 3043 ct
2083 2975 2239 3065 purioris

197 3077 325 3146 amavi.
375 3074 430 3147 De
446 3075 627 3168 republica
642 3075 797 3145 libenter
811 3080 855 3146 ad
873 3093 906 3148 te
921 3081 1131 3165 scriberem,
1157 3084 1195 3150 in
1244 3071 1423 3143 Ecclesiae
1451 3074 1584 3143 iudicia
1615 3075 1685 3144 iarn
1719 3074 1806 3143 olim
1837 3074 2073 3163 irrepserunt,
2104 3078 2238 3168 populo

197 3202 267 3272 qua
294 3179 361 3249 scis
387 3202 444 3246 me
470 3202 489 3247 a
517 3177 684 3248 violentis
710 3179 868 3247 consiliis
899 3203 1037 3273 semper
1063 3179 1196 3253 abhor-
1245 3178 1429 3245 ostendere
1444 3178 1597 3248 student.
1648 3170 1765 3244 Facile
1782 3175 1876 3244 enim
1893 3200 1956 3265 pro
1973 3178 2162 3267 prudentia
2178 3202 2238 3246 ve·
2350 3197 2354 3202 ’

196 3281 319 3354 ruisse.
372 3279 442 3348 Sed
465 3275 532 3350 hae
555 3303 613 3351 res
632 3303 707 3350 non
722 3293 806 3351 sunt
821 3283 1091 3354 committendae
1112 3286 1192 3358 lite.
1246 3289 1316 3345 stra
1333 3279 1491 3347 statuetis
1506 3278 1592 3346 tales
1607 3272 1768 3345 homines
1785 3290 1819 3345 et
1831 3270 1965 3347 Christi
1986 3279 2146 3347 membra
2162 3302 2238 3349 non

196 3383 258 3458 ris.
307 3378 349 3455 B.
364 3380 408 3451 V.
423 3377 484 3455 47.
616 3382 620 3388 ’
1244 3381 1351 3448 modo
1376 3403 1449 3448 non
1470 3379 1616 3470 indigne
1632 3380 1853 3460 tractandos,
1877 3379 1936 3447 sed
1958 3390 1993 3447 ct
2007 3377 2179 3449 iuvandos
2203 3396 2239 3456 et

1021 3482 1087 3555 Ph.
1244 3483 1505 3570 promovendos
1535 3480 1630 3571 ipsos
1657 3503 1728 3549 esse
1754 3480 1798 3548 ad
1819 3479 2066 3550 illustrandam
2087 3481 2237 3569 gloriam

1245 3577 1328 3663 Det,
1353 3605 1441 3671 quae
1460 3594 1591 3672 quanta
1611 3580 1734 3660 multis
1752 3580 1880 3649 seculis
1902 3580 2051 3676 caligine
2072 3606 2237 3673 oppressa

1244 3679 1368 3762 fuerit,
1394 3705 1467 3748 non
1486 3694 1538 3751 est
1554 3681 1754 3753 obscurum.
1805 3675 1858 3749 Ac
1872 3680 1953 3750 licet
1972 3677 2029 3750 his
2051 3686 2236 3771 postremis

208 3798 275 3871 No,
290 3795 402 3868 4108,
1087 3806 1118 3867 h,
1140 3828 1167 3867 g,
1244 3782 1462 3871 temporibus
1477 3776 1574 3851 Deus
1590 3805 1654 3873 pro
1670 3804 1732 3850 sua
1747 3782 1904 3851 bonitate
1920 3782 2034 3852 lucem
2049 3780 2236 3873 Evangelii

201 3875 414 3929 W
1051 3875 1190 3927 “W
1243 3881 1370 3965 iterum
1387 3883 1553 3968 reddidit,
1580 3891 1697 3953 tamen
1715 3885 1836 3953 eadem
1850 3882 1970 3952 multis
1984 3884 2023 3952 in
2038 3885 2123 3954 locis
2139 3887 2237 3956 Pon-

437 3973 722 4084 Ret'pttblt'cae
748 3973 793 4063 V
790 3989 949 4063 enatae.
1244 3983 1379 4053 tificum
1404 3997 1439 4054 et
1469 3981 1728 4075 Episcoporum
1760 3982 1948 4076 tyrannide
1979 3979 2017 4054 ¹et
2041 3988 2254 4076 pertinacia·
2296 4061 2306 4074 N

547 4149 554 4164 .
741 4153 748 4166 ,
1061 4078 1064 4086 ’
1147 4158 1153 4172 ,
1243 4085 1416 4174 premitur
1430 4099 1464 4154 et
1479 4087 1681 4176 impeditur,
1706 4085 1803 4178 quod
1819 4085 1961 4178 quidem
1976 4086 2090 4156 bonae
2108 4102 2142 4158 et
2156 4089 2236 4181 piae

265 4149 344 4221 †Ex
366 4151 522 4222 apographo
546 4169 574 4204 ru
599 4152 663 4207 eod.
687 4150 771 4208 Paris.
803 4153 1029 4212 1).t.5t³.-
1071 4154 1191 4212 Nomine
1352 4188 1360 4202 ·
1427 4186 1436 4203 ο

298 4220 455 4291 principum
479 4217 683 4275 foederatorum
702 4221 925 4294 Evangelicorum
946 4225 1045 4293 scripta
1065 4235 1106 4279 est
1124 4226 1191 4282 baec
1244 4202 1478 4257 ⁰⁰¹¹⁵⁶¹⁰m¹³e
1492 4189 1564 4256 fere
1578 4211 1652 4305 ”qn
1673 4201 1838 4277 P⁰⁸⁸¹¹ntr
1860 4188 1956 4305 unqe
1972 4201 2005 4259 et
2020 4202 2155 4306 {amum
2172 4216 2236 4282 Pe·

301 4288 429 4358 ⁰e³⁵¹⁰¹⁸·
1242 4288 1394 4357 siculum
1421 4289 1506 4379 ipsis
1529 4303 1695 4360 exoritur.
1747 4286 1880 4359 Verum
1905 4312 1936 4357 sr
1959 4313 1979 4358 a
2001 4313 2061 4380 pto
2086 4305 2120 4362 et
2138 4288 2235 4362 chri·

195 4441 465 4517 Illastrissimo
502 4437 673 4540 Principi
702 4442 757 4520 D.
791 4405 931 4518 Petro
964 4445 1124 4521 Saudo
1157 4461 1188 4523 et

196 4545 336 4643 inclyto
351 4543 511 4617 Senatui
521 4542 765 4642 Reipublicae
782 4543 962 4634 Venetae,
988 4550 1107 4623 amico
1121 4578 1189 4624 no-

284 4659 380 4732 stro,
408 4656 440 4718 et
455 4646 544 4719 viris
560 4646 667 4720 nobis
683 4650 928 4745 singulariter
943 4647 1101 4726 delectis.

1242 4492 1337 4583 quod
1361 4491 1588 4580 praecipuum
1613 4492 1769 4581 ipsoruni
1793 4491 1947 4560 officium
1971 4507 2039 4573 est,
2064 4496 2234 4587 quemad-

1241 4593 1386 4661 modum
1406 4616 1501 4661 sacra
1526 4616 1666 4685 quoque
1691 4590 1862 4682 scriptura
1887 4605 2048 4680 testatur,
2074 4618 2154 4664 curn
2174 4595 2234 4665 in-

1242 4694 1335 4786 quit:
1352 4695 1483 4782 aperite
1499 4709 1618 4785 portas
1633 4709 1764 4765 vestras
1779 4694 1971 4783 principes:
1989 4689 2076 4765 haec
2091 4721 2233 4791 quoque

194 4777 439 4861 illustrissime
458 4786 621 4877 princeps
643 4800 677 4856 ct
698 4786 828 4880 inclyte
842 4785 1010 4874 Senatus,
1035 4789 1138 4860 amici
1155 4805 1189 4863 et
1241 4818 1306 4863 nos
1328 4795 1504 4887 principio
1531 4820 1604 4866 non
1639 4820 1763 4887 parurn
1797 4809 1987 4866 moverunt
2011 4799 2055 4867 ad
2082 4803 2233 4870 tuendos

193 4888 265 4959 viri
280 4886 505 4976 singulariter
518 4888 648 4960 dilecti.
699 4887 829 4958 Fertur
841 4892 934 4980 apud
952 4914 1034 4975 nos,
1059 4893 1138 4983 pios
1154 4910 1188 4965 et
1240 4897 1317 4985 pios
1341 4898 1623 4978 concionatores,
1650 4898 1713 4990 qui
1734 4890 1878 4987 propter
1899 4896 2112 4968 Pontificum
2136 4902 2233 4971 indi-

194 4987 364 5061 honestos
384 4982 547 5059 homines
562 4990 732 5083 quosdam
748 4991 787 5058 in
809 4987 909 5060 ltalia
930 4993 1086 5062 sincerae
1102 4995 1188 5063 reli·
1240 4998 1441 5088 gnationem
1463 4998 1502 5067 in
1524 5000 1728 5070 discrimine
1747 5011 1857 5098 erapt.
1910 4997 2029 5087 Quare
2046 5002 2151 5070 etiarn
2169 5026 2232 5072 vos

194 5091 311 5182 gionis
327 5089 502 5160 studiosos
517 5091 643 5161 misere
657 5091 767 5180 affligi
784 5105 818 5161 et
834 5115 956 5181 graves
974 5096 1188 5184 persecutio·
1240 5114 1398 5168 amanter
1413 5102 1589 5189 rogandos
1605 5124 1677 5170 esse
1698 5102 1882 5186 duximus,
1907 5095 1947 5168 ut
1972 5101 2049 5192 pios
2070 5096 2232 5175 homines

193 5216 258 5263 nes
281 5190 354 5282 pati
380 5213 454 5259 non
476 5205 621 5282 propter
643 5193 749 5262 aliam
772 5217 931 5273 causam,
959 5220 1066 5287 quarn
1090 5201 1187 5289 quod
1239 5200 1337 5284 illos,
1371 5210 1405 5271 ct
1431 5202 1644 5272 nominatim
1671 5203 1889 5292 praedictum
1912 5196 2082 5270 Baldam
2104 5197 2231 5299 Lape-

192 5291 428 5383 Evangelium
463 5287 597 5363 Christi
636 5295 817 5385 amplecti,
859 5295 1004 5389 eiusque
1039 5299 1185 5386 gloriam
1239 5295 1362 5388 dium,
1395 5303 1459 5395 qui
1482 5329 1562 5374 cum
1585 5305 1755 5374 fratribus
1777 5316 1922 5396 propter
1942 5327 2072 5373 nomen
2095 5301 2231 5376 Christi

193 5396 371 5468 illustrare
401 5405 436 5464 ct
461 5416 654 5487 propagare
682 5397 840 5489 cupiunt.
898 5394 972 5469 Nos
997 5422 1097 5486 vero,
1123 5403 1186 5494 qui
1237 5405 1695 5498 persecutionempatitur,
1726 5405 2011 5478 commendatum
2034 5407 2136 5479 vobis
2162 5403 2228 5479 ha-

1243 4389 1357 4458 stiano
1379 4391 1584 4479 magistratu
1607 4390 1820 4459 defendendi
1843 4404 1876 4460 et
1900 4389 2048 4460 iuvandi
2068 4406 2168 4472 sunt,
2195 4393 2234 4463 id
2340 4403 2342 4406 ’
