4882 6436
215 259 288 337 895
377 315 386 340 .

215 437 330 526 l‘apae
360 430 613 515 defendebant,
644 445 678 502 et
703 454 837 500 venena
865 424 1202 528 Anabapiislarum

215 535 442 628 spaigebant‚
467 532 522 623 pie
540 546 573 601 et
586 532 773 622 diligenter
792 533 895 623 lupos
917 535 1092 624 repressit.
1141 532 1203 604 Fi-

214 643 284 710 lius
300 628 339 706 bt
363 635 453 718 oris,
479 634 525 703 ita
542 634 651 702 animi
671 635 808 726 paterni
828 636 957 724 effigies
974 649 1042 721 est,
1064 649 1098 706 et
1121 659 1202 705 eru-

214 743 387 812 ditionem
403 739 446 805 ad
464 737 577 805 bonos
591 760 707 805 mores
722 737 893 817 adiunxit,
916 751 1122 830 patremque
1137 732 1202 806 hac

212 855 312 936 parte
334 849 494 930 superat,
519 839 612 930 quod
630 833 877 908 Mathematica
897 840 1051 909 studiose
1068 838 1202 919 didicit,

213 942 357 1040 quaein
376 936 566 1010 Academia
589 939 765 1032 frequenti
779 963 904 1029 magua
921 965 1001 1010 cum
1018 941 1121 1010 laude
1135 942 1202 1009 do-

213 1069 290 1118 cere
308 1054 434 1135 potest.
484 1037 533 1111 Et
559 1036 710 1111 habebat
733 1042 850 1111 locum
870 1036 1059 1113 honestum
1083 1042 1122 1111 in
1144 1037 1201 1111 his

210 1145 435 1238 regionibus,
460 1144 519 1211 sed
543 1155 612 1211 tam
638 1142 730 1213 tristi
755 1159 911 1233 tempore
932 1158 1105 1234 spectator
1128 1166 1201 1260 esse

211 1247 448 1321 calamitatum
472 1245 604 1334 patriae
629 1246 756 1318 noluit.
807 1244 855 1315 Ut
872 1258 989 1316 autem
1014 1238 1200 1317 Gotthicis

210 1349 430 1443 temporibus
445 1342 640 1431 Ecclesiae,
666 1362 700 1419 et
717 1347 958 1417 doctrinarum
975 1349 1146 1442 reliquiae
1160 1346 1199 1414 in

211 1454 327 1523 insula
349 1463 464 1519 vestra
483 1461 638 1517 servatae
660 1463 763 1535 sunt,
788 1448 837 1518 ita
860 1474 957 1519 nune
978 1474 1121 1543 quoque
1141 1462 1200 1520 tu-

208 1555 405 1624 multuante
427 1545 585 1644 Europa
607 1553 801 1641 optandum
825 1565 896 1635 est,
922 1565 962 1623 ut
982 1553 1100 1645 aliqua
1122 1575 1199 1619 ma-

208 1669 317 1726 neant
333 1651 523 1746 tranquilla
546 1647 698 1743 hospitia
712 1653 919 1726 literarum.
967 1651 1015 1724 Et
1038 1650 1198 1723 Britan-

206 1756 294 1827 niae
316 1768 451 1825 vestrae
473 1754 766 1846 tranquillitatem
792 1768 888 1846 opto.
946 1752 1053 1825 Hune
1081 1770 1197 1826 autem

206 1854 413 1929 Eusebium
434 1855 500 1927 tihi
520 1871 723 1928 reverenter
742 1859 969 1940 commendo,
996 1872 1100 1951 teque
1123 1880 1198 1939 oro,

204 1974 247 2033 ut
263 1985 346 2030 eum
360 1957 613 2048 complectaris.
650 1955 786 2027 Poterit
799 1958 836 2026 in
851 1955 1041 2028 Academia
1056 1953 1198 2028 Mathe-

206 2077 301 2133 mata
320 2061 399 2130 aliis
416 2060 573 2144 tradere,
596 2070 630 2128 et
649 2082 751 2150 spero
767 2056 944 2129 Ecclesiae
968 2061 1066 2144 usui,
1092 2073 1197 2152 atque

205 2178 414 2234 ornamento
430 2163 589 2231 sciturum
607 2184 680 2228 esse
695 2161 899 2254 ubicunque
918 2161 995 2233 erit.
1029 2161 1111 2231 Non
1128 2163 1197 2230 du-

203 2268 280 2336 bito
294 2264 425 2335 multos
448 2263 538 2331 istuc
555 2264 735 2346 accedere,
761 2265 820 2330 sed
844 2278 961 2331 tamen
978 2261 1148 2333 bonitatis
1164 2278 1197 2335 et

202 2368 344 2460 pietatis
367 2379 417 2436 est
445 2377 543 2449 tuae,
576 2377 617 2433 ut
641 2365 727 2433 tales
756 2365 992 2443 adolescentes
1015 2378 1196 2456 praestan·

201 2473 293 2541 tium
325 2468 507 2551 virorum,
541 2477 575 2535 et
607 2466 698 2536 bene
730 2467 936 2535 meritorum
970 2468 1014 2536 de
1037 2463 1194 2536 Ecclesia

201 2573 313 2651 lilios,
339 2567 494 2658 ingeniis
516 2580 550 2637 et
575 2567 775 2637 eruditione
807 2568 1012 2638 excellentes
1038 2569 1195 2643 adiuves.

201 2671 298 2742 Bene
314 2685 348 2743 et
366 2669 515 2741 feliciter
530 2669 619 2741 vale.
654 2665 820 2739 Calendis
836 2667 942 2755 Maii,
960 2666 1068 2739 Anno
1085 2668 1196 2745 1548.

200 2989 396 3114 QQ,
1066 2997 1194 3067 tulus.

1057 3093 1191 3122 Μ

537 3155 590 3243 V.
625 3156 860 3243 Theodora.

267 3331 345 3384 Edita
370 3333 398 3384 ἱιι
422 3333 541 3398 morib.
569 3333 784 3388 &adromeus
809 3334 990 3400 butommm,
1025 3332 1193 3389 &student

301 3403 380 3468 tuuf,
413 3402 478 3453 edit.
497 3420 511 3453 a
532 3401 672 3462 Mobm'le,
701 3401 760 3451 Vol.
778 3401 810 3453 ll.
836 3420 862 3471 p.
876 3400 936 3455 509.
961 3431 995 3443 -
1036 3401 1192 3472 Apograph.

300 3471 419 3523 clamem
434 3470 462 3522 in
477 3471 538 3526 cod.
553 3470 637 3524 Goth.
651 3469 694 3521 28.
713 3485 738 3538 p.
753 3468 819 3523 57¹³.

498 3621 609 3696 Vito
636 3621 891 3697 Theodoro.

195 3754 391 3845 carissime
406 3765 499 3834 Vite.
547 3764 686 3836 Scimus
703 3763 830 3862 vere¹),
855 3765 982 3852 Deum,
1007 3779 1187 3838 aeternum

195 3884 330 3960 patrem
355 3867 492 3938 domini
518 3868 629 3938 nostri
657 3866 682 3938 l.
703 3867 763 3950 C.,
799 3870 1020 3948 conditorem
1051 3868 1188 3959 generis

195 3968 342 4040 humani
362 3985 396 4042 et
410 3967 599 4050 Ecclesiae,
626 3971 717 4039 vitae
736 3971 773 4038 in
794 3971 953 4063 quolibet
966 3971 1185 4043 conditorem

196 4087 231 4142 et
246 4084 459 4142 servatorem
479 4094 570 4153 esse,
595 4087 633 4140 ut
652 4073 818 4164 scriptum
837 4085 903 4141 est:
931 4069 1008 4167 ipse
1029 4079 1080 4141 esi
1104 4067 1187 4141 loa-

193 4167 325 4267 giludo
352 4167 492 4243 dierum
521 4180 677 4244 tuorum.
738 4172 845 4243 Hunc
867 4198 948 4258 oro,
987 4186 1027 4243 ut
1052 4173 1187 4244 diutius

195 4275 450 4347 consuetudine
484 4269 749 4344 honestissimae
783 4275 942 4363 coniugis
967 4287 1002 4344 et
1024 4275 1187 4346 dulcissi-

193 4402 334 4448 morum
351 4377 545 4445 liberorum
561 4377 633 4445 srui
648 4390 683 4447 te
697 4377 797 4450 sinat
851 4375 920 4447 Sed
935 4376 1053 4469 aliqua
1073 4378 1187 4447 setici-

195 4596 356 4652 secutura
382 4594 486 4660 sunt,
521 4580 548 4647 si
568 4576 745 4649 Ecclesiae
767 4593 906 4649 nostrae
936 4581 1187 4668 turbabuntur,

194 4697 233 4752 ut
257 4697 387 4754 metuo.
441 4679 526 4749 Vidi
550 4682 782 4776 librum,·qui
806 4682 844 4749 in
866 4695 1042 4752 conventu
1062 4679 1187 4774 Augu-

192 4800 296 4855 stano
313 4782 535 4874 proponitur.
585 4781 649 4853 Est
675 4784 767 4851 idem
794 4784 854 4853 ille
877 4785 919 4852 de
944 4808 1015 4876 quo
1040 4784 1079 4852 iu
1101 4809 1188 4854 con-

194 4901 304 4956 ventu
326 4882 577 4974 Ratisponensi
605 4886 844 4958 disseruimus.
897 4880 944 4954 Et
967 4882 1102 4979 Syrena
1126 4886 1186 4957 illa

193 5012 289 5058 nuuc
321 5000 371 5056 est
405 4985 581 5056 blandior.
633 4984 701 5056 Sed
727 5001 846 5056 nostra
872 4986 1017 5055 dissidia
1028 4983 1059 5082 ²)
1090 5012 1187 5059 nunc

813 256 1251 337 EPISTOLARUM
1311 269 1418 350 LlB.
1444 276 1507 352 Xl.
1539 282 1668 361 1548.

2178 301 2254 373 896

1257 434 1422 539 epsicopus
1454 450 1588 543 aliquid
1617 456 1841 535 constituere.
1908 460 2088 561 Quicquid

1258 544 1302 611 de
1325 541 1381 616 his
1404 552 1509 619 rebus
1519 548 1547 647 ⁵)
1575 554 1788 646 significare,
1821 564 1968 654 quaeso',
2003 582 2044 637 ut
2069 571 2254 660 significes.

1259 642 1398 732 Quaeso
1423 653 1544 738 etiam,
1579 659 1739 749 explora,
1765 664 1851 755 quid
1879 660 2045 737 Bucerus
2072 668 2252 761 Augustae

1258 749 1388 844 agat⁴).
1439 752 1641 834 Benevole.
1692 761 1845 840 Kalend.
1862 766 1961 844 Maii.

2122 471 2254 560 poteris

1258 958 2253 1001 Ἢ,-

1263 1079 1330 1156 Νο.
1346 1083 1457 1162 4227.

1257 1177 1470 1220 κον»

1575 1277 1623 1364 C.
1660 1280 1919 1375 tutamento.

1258 1448 1261 1453 '
1356 1443 1441 1515 Epist.
1460 1446 1507 1502 lib.
1521 1449 1570 1503 Vl.
1590 1471 1616 1523 p.
1629 1453 1664 1507 82
1679 1475 1719 1527 sq.

2009 1094 2254 1192 adlaudat)

2024 1205 2240 1241 Μ

1252 1596 1365 1685 Dum.
1392 1596 1565 1677 Catulo
1591 1608 1893 1784 Utispltopiu,
1929 1618 2098 1692 Domino
2129 1621 2247 1695 Μαι·

1679 1740 1695 1785 c
1725 1742 1819 1803 emir,

1252 1833 1293 1924 S.
1321 1851 1368 1924 D.
1410 1851 1492 1924 Scio
1508 1872 1542 1928 te
1557 1862 1759 1935 meminisse
1772 1864 1960 1940 Ecclesiam
1978 1877 2144 1944 omnium
2160 1894 2246 1947 tem·

1251 1977 1378 2043 porum
1400 1968 1433 2025 et
1458 1958 1622 2048 colligere
1645 1970 1802 2059 exempla
1828 1971 2071 2045 professorum
2092 1992 2128 2048 et
2148 1977 2245 2070 Apo·

1250 2054 1442 2136 stolorum,
1476 2061 1537 2153 qui
1563 2064 1694 2135 similes
1721 2093 1906 2142 aerumnas
1931 2078 2112 2163 tulerunt,
2146 2095 2188 2150 ut
2209 2096 2244 2153 tu

1251 2181 1346 2225 nunc
1361 2170 1395 2226 et
1410 2159 1470 2227 alii
1486 2164 1590 2232 multi
1605 2167 1734 2241 lerunt.
1784 2171 1891 2244 Lenit
1908 2171 1992 2246 haec
2005 2181 2242 2255 consideratio

1249 2259 1488 2347 exemplorum
1514 2265 1689 2357 dolorem.
1743 2270 1814 2342 Sed
1845 2279 1956 2348 multo
1987 2282 2166 2352 efficacior
2194 2301 2243 2358 est

1249 2384 1316 2428 vox
1332 2360 1394 2428 filii
1411 2358 1478 2431 Dei
1500 2369 1543 2434 ad
1563 2371 1823 2445 confirmandos
1840 2391 1873 2446 et
1894 2381 2079 2470 erigendos
2096 2387 2239 2473 animos,

1249 2461 1312 2554 qui
1327 2464 1487 2550 promisit
1503 2490 1539 2536 se
1550 2472 1644 2560 gregi
1660 2496 1723 2544 suo
1739 2477 1944 2550 adiuturum
1960 2507 2050 2570 esse,
2077 2480 2168 2556 Non
2187 2513 2238 2558 rc-

1250 2558 1392 2659 liquum
1424 2589 1484 2635 vus
1513 2564 1719 2666 orphanos:
1751 2576 1863 2651 lmmo
1894 2585 1997 2674 erigit
2018 2587 2128 2656 etiam
2151 2590 2238 2661 inter

1248 2665 1323 2756 ipsa
1346 2668 1517 2757 supplicia
1539 2689 1676 2745 mentes
1689 2676 1827 2770 Spiritu
1850 2699 1969 2755 sancto
1984 2689 2047 2780 qui
2072 2690 2187 2760 lucem
2205 2708 2236 2765 et

1248 2766 1417 2837 laetitiam
1435 2772 1597 2843 divinam'
1615 2777 1654 2846 in
1676 2782 1855 2853 mentibus
1880 2789 2050 2863 accendit.
2103 2790 2180 2862 Hac
2201 2808 2237 2866 ut

1248 2866 1302 2937 'l'e
1322 2871 1562 2943 consolatione
1583 2875 1696 2947 Filius
1711 2878 1777 2951 Dei
1795 2882 1972 2958 Dominus
1999 2906 2123 2962 noster
2145 2892 2235 2966 lesus

1247 2966 1410 3040 Christus
1426 2988 1596 3048 sustentet
1611 3005 1651 3048 ex
1668 2983 1786 3053 animo
1803 3011 1936 3076 precor.
1987 2991 2121 3064 Precor
2135 2998 2233 3067 etiam

1247 3085 1382 3142 utnon
1404 3073 1496 3147 sinat
1519 3080 1676 3171 extingui
1699 3084 1812 3154 lucem
1834 3114 1934 3159 verae
1951 3094 2154 3182 doctrinae,
2180 3102 2233 3167 sed

1247 3174 1380 3266 ubique
1405 3177 1546 3269 colligat
1566 3195 1601 3251 et
1630 3201 1743 3256 servet
1765 3188 1833 3256 sibi
1858 3192 2010 3285 aliquam
2034 3192 2234 3283 Ecclesiam,

1248 3299 1336 3367 quae
1357 3275 1393 3341 in
1412 3290 1482 3348 tota
1501 3285 1706 3365 aeternitate
1730 3289 1867 3360 fruatur
1885 3310 1919 3363 et
1939 3296 2070 3367 laetitia
2093 3297 2180 3385 Dei,
2205 3318 2233 3372 et

1245 3371 1398 3455 Christi,
1424 3377 1681 3472 Prophetarum
1710 3403 1745 3459 et
1769 3390 2022 3482 Apostolorum
2049 3418 2231 3473 consuetu-

1247 3477 1340 3546 dine.
1391 3476 1487 3550 Deus
1512 3499 1563 3555 est
1586 3487 1648 3578 qui
1670 3502 1710 3558 ut
1733 3492 1882 3563 velimus
1904 3499 2009 3568 efficit
2030 3515 2065 3570 et
2082 3505 2231 3589 adiuvat,

1245 3593 1283 3648 ut
1298 3579 1399 3650 labor
1413 3606 1486 3653 nou
1501 3586 1546 3657 sit
1561 3586 1695 3664 irritus.
1747 3590 1781 3661 ls
1797 3595 1901 3667 faciat
1922 3614 1962 3671 ut
1985 3616 2104 3672 nostra
2122 3609 2230 3677 studia

1245 3681 1314 3749 sint
1331 3683 1497 3754 salutaria
1511 3682 1687 3761 Ecclesiae
1701 3705 1736 3762 et
1750 3696 1865 3771 nobis.
1916 3698 2013 3774 Bene
2032 3706 2123 3782 vale.
2169 3707 2232 3781 Ca·

1244 3781 1339 3851 lend.
1356 3782 1457 3859 Maii.

1242 3985 2229 4028 Μ

1242 4091 1309 4163 No.
1325 4092 1438 4165 4228·
2081 4132 2116 4194 8·
2139 4125 2219 4191 dliii.

1248 4188 1419 4219 m
2060 4215 2227 4247 Μ

1428 4261 1630 4379 Cruoiger
1658 4270 1721 4355 ad
1742 4270 2060 4372 Scholasticos.

1310 4424 1417 4499 Scripta
1435 4428 1511 4502 publ.
1530 4431 1616 4488 dead.
1634 4431 1716 4489 Wit.
1732 4434 1765 4492 Τ.
1778 4434 1799 4492 l.
1815 4456 1845 4511 p.
1857 4439 1941 4499 208⁵.

1241 4576 1376 4654 Rector
1408 4579 1629 4661 Academiae
1661 4587 2083 4766 Wr'tebDCuspurus
2119 4604 2233 4690 Gru.

1627 4716 1770 4788 aeger,
1838 4751 1849 4774 .

1243 4801 1406 4886 Honesta
1422 4831 1601 4908 matrona,

1625 4823 1732 4894 vidua
1748 4841 1860 4898 mater
1876 4837 2033 4909 consulis
2047 4838 2233 4944 Hierony-

1243 4915 1297 4985 mi
1316 4914 1475 5016 Krapp,
1499 4946 1579 4991 cum
1602 4948 1691 5017 pene
1714 4925 1764 4998 80
1785 4953 1898 5003 annos
1921 4936 2067 5031 vixerit,
2095 4951 2233 5023 nullum

195 5113 333 5159 causam
349 5089 608 5179 praebuerunt,
631 5102 672 5158 ut
685 5112 824 5159 necesse
841 5088 967 5173 luerit,
991 5085 1058 5161 τὸν
1075 5087 1188 5163 αὐτο·
1294 5133 1301 5142 -

195 5254 387 5273 «tw-*⁸⁸-

229 5346 257 5406 l)
277 5340 362 5395 Saslr.
385 5357 491 5395 uerum.

227 5430 255 5495 2)
273 5427 358 5481 Sastr.
378 5437 493 5478 nostrae
507 5429 650 5480 dissidiae.

1278 5197 1311 5270 8)
1328 5199 1412 5257 Sastr.
1429 5204 1484 5257 boe
1495 5220 1535 5258 re.

1277 5285 1309 5357 4)
1326 5283 1478 5343 loaebimua
1496 5288 1582 5371 Eleet.
1605 5292 1759 5373 Brpndenb.
1782 5313 1927 5422 rogaqerst
1945 5305 2182 5391 Argentineu‘ses,
2207 5328 2236 5373 ut

1313 5355 2237 5514 illl?1dilatabit&”iiitbllbllfissbt‘ffi
