4882 6436
302 320 375 396 271

313 511 347 569 01
360 492 555 588 profitetur,
572 502 606 559 01
620 480 787 557 abhorret
800 483 844 553 ab
859 480 1027 552 omnibus
1040 477 1203 549 fanaticis
1215 478 1296 570 opi-

312 596 499 679 nionibus,
543 588 719 662 damnatis
741 584 874 655 iudicio
901 579 1077 652 Ecclesiae
1104 576 1296 651 catholicae

311 695 459 772 Christi.
508 691 602 781 Quia
616 703 731 758 autem
749 684 933 774 intelligit,
959 697 993 753 et
1011 684 1102 751 vitae
1117 680 1297 752 communi

314 805 408 872 etad
424 794 683 865 enarrationem
703 787 884 857 doctrinae
897 784 1055 854 coelestis
1075 784 1198 853 utilem
1225 806 1297 851 esse

314 893 594 996 philosophiam:
629 915 703 960 nou
733 888 847 958 solum
879 885 1085 956 dialecticen
1105 898 1138 954 01
1159 879 1297 951 ethicen

316 1003 460 1078 didicit,
499 997 559 1066 sed
584 993 686 1063 etiam
716 992 887 1059 elementa
909 987 1065 1077 percepit
1084 980 1244 1078 physices
1265 996 1299 1052 01

316 1101 538 1175 dulcissimae
553 1096 650 1165 illius
665 1092 796 1185 partis,
820 1112 909 1183 quac
923 1089 968 1156 de
983 1087 1139 1156 motibus
1156 1099 1191 1154 et
1215 1084 1299 1153 effe-

666 316 669 323 '
771 293 777 312 ¹
887 300 1319 383 EPISTOLARUM
1367 309 1544 390 LIB.X.
1595 305 1725 387 1646.

2260 312 2340 384 272

1344 481 1413 557 No.
1429 484 1542 558 8607.

1351 579 1521 612 Μ

2170 492 2226 553 11.
2241 483 2324 548 Nor.

2156 575 2331 606 m

1675 661 2001 750 Testimonium.

1412 841 1594 966 MgptiiNfar-rla
1615 877 1622 894 .
1640 836 1669 912 p.
1680 840 1734 963 9391
1750 859 1790 913 sq.
1811 868 1845 882 -
1880 839 2067 912 dpograpbon
2087 838 2116 892 in
2137 840 2201 894 cod.
2224 841 2337 897 Monac.

1482 953 1488 968 .
1534 932 1559 964 o.
1612 929 1665 980 .p.
1699 949 1706 963 .

1460 1065 1500 1143 S.
1523 1065 1576 1137 D.
1605 1065 1772 1137 omnibus
1801 1065 1947 1137 lecturis
1973 1060 2046 1135 has
2071 1063 2212 1141 literar.

316 1207 431 1278 eribus
451 1198 659 1272 coelestibus
679 1191 838 1273 disserit,
871 1211 960 1282 ‘luae
981 1189 1061 1258 ide⁰
1089 1187 1221 1275 8111101
1250 1196 1302 1254 ⁰⁸²
1347 1191 1430 1293 Ego
1456 1197 1658 1299 Philippus
1682 1195 1915 1272 Melanthea
1943 1216 2066 1286 100100,
2100 1195 2196 1271 10000
2222 1197 2340 1272 hone-

314 1306 420 1379 bonis
432 1301 626 1381 mentibus,
654 1294 736 1387 ‘1¹15st
751 1305 911 1361 ¹¹¹⁰l¹¹⁰¹¹¹
931 1290 1020 1358 ⁰rd⁰
1043 1289 1181 1358 illustre
1204 1287 1301 1357 ¹0⁵5·
1348 1319 1441 1377 stum
1463 1322 1497 1376 et
1514 1309 1656 1374 doctum
1683 1306 1802 1372 virum
1823 1299 2017 1394 hospitem,
2041 1318 2164 1372 natum
2187 1304 2225 1371 iu
2241 1303 2340 1375 Pan-

278 1463 287 1469 ·
316 1407 479 1478 monium
500 1414 568 1484 ⁸⁵1,
598 1394 695 1466 hunc
715 1393 891 1462 mundum
921 1414 996 1458 ¹¹⁰ss
1025 1390 1178 1458 existisse
1208 1412 1302 1470 ⁰³⁵⁰,
1349 1407 1475 1492 nonia,
1507 1395 1815 1502 Christoplzorum
1833 1397 2073 1500 Lrhpensem,
2108 1406 2341 1496 0000110010-

316 1489 993 1580 sedamenteaeternaarcbitectatrice
1013 1490 1195 1560 conditum
1220 1511 1303 1570 esse,
1350 1511 1457 1578 ennio
1494 1509 1530 1576 qn
1563 1504 1752 1576 Academi,
1784 1505 2051 1596 vitebfflgensi'
2091 1531 2227 1576 summa
2257 1532 2340 1577 cum

318 1625 352 1681 01
366 1610 446 1677 ideo
461 1602 591 1674 nostris
609 1597 720 1669 oculis
736 1594 974 1686 propositum,
999 1605 1038 1660 ut
1053 1593 1096 1659 de
1114 1587 1302 1660 architecto

318 1704 585 1782 commonefacti
602 1696 784 1768 uoluntati
807 1695 880 1763 eius
902 1695 1198 1783 obtemperemus.
1258 1687 1300 1759 10

317 1809 375 1881 1010
389 1807 532 1901 optimis
549 1802 675 1872 studiis
691 1823 772 1868 cum
794 1809 869 1865 toto
889 1793 1124 1888 quadriennio
1148 1805 1304 1861 versatus

319 1913 383 1992 011,
410 1925 444 1980 01
461 1902 716 1988 modestissime
739 1898 882 1979 vixerit,
908 1895 1112 1985 diligentius
1136 1917 1215 1963 cum
1236 1892 1304 1983 ipsi

320 2029 353 2085 et
368 2007 405 2103 ⁴¹⁵)
435 2009 601 2080 omnibus
622 2002 726 2073 bonis
754 1999 839 2067 viris
860 1997 992 2089 ubique
1014 2008 1187 2064 terrarum
1209 2018 1305 2062 com·
1355 2016 1362 2032 ·

319 2116 538 2185 mendamus.
597 2103 709 2175 Valde
731 2101 836 2189 digna
860 2119 914 2166 res
938 2110 989 2166 est
1012 2095 1306 2186 gubernatoribus

319 2219 474 2287 delectus
508 2205 750 2298 ingeniorum,
794 2214 834 2270 01
860 2197 1027 2268 Εο0100110
1059 2197 1307 2287 praeficiantur

305 2319 390 2388 ·viri
405 2314 509 2397 boni,
535 2307 647 2391 docti,
673 2302 841 2383 modesti,
863 2312 1019 2368 amantes
1039 2297 1319 2390 tranquillitatis·

321 2435 356 2490 et
373 2413 581 2491 concordiae
596 2408 768 2501 publicae.
815 2401 914 2470 Talis
930 2424 1009 2468 cum
1024 2400 1068 2467 sit
1083 2394 1141 2467 hic
1152 2391 1306 2475 Paulus,

321 2523 423 2591 cuius
445 2518 559 2587 virtus
589 2533 671 2579 0000
698 2530 778 2595 cum
808 2502 954 2571 nomine
983 2500 1163 2588 congruit,
1205 2499 1308 2566 valde

322 2597 473 2692 oramus·
497 2611 710 2685 reverendos
743 2606 838 2673 viros
873 2602 1074 2671 eruditione
1104 2614 1139 2669 et
1178 2600 1323 2672 virtutex

320 2733 535 2814 praestantes
555 2710 694 2799 collegii
717 2705 894 2776 Ecclesiae
919 2698 1119 2784 Aboensis,
1150 2714 1191 2768 ut
1212 2697 1307 2769 hunc

321 2818 484 2893 Paulum
500 2828 659 2886 amanter
671 2808 968 2897 complectantur,
994 2818 1028 2872 et
1041 2802 1175 2871 diutius
1192 2801 1306 2889 studia

323 2929 398 2995 eius
415 2924 594 2992 adiuvent.
644 2909 816 2981 Delectati
830 2929 952 2975 sumus
968 2904 1081 2973 fausto
1100 2905 1174 2970 eius
1185 2899 1308 2970 Eccle-

323 3028 395 3098 siae
416 3021 579 3100 nomine,
604 3014 701 3108 quod
724 3024 858 3101 patrem
883 3005 1065 3095 significat.
1116 3002 1236 3092 Quare
1250 3027 1310 3070 ve-

322 3127 503 3200 nerandus
517 3121 578 3188 ille
594 3129 713 3185 coetus
729 3125 876 3202 paterna
897 3110 1035 3204 στοργῇ
1055 3107 1172 3175 foveat
1191 3119 1224 3173 et
1247 3105 1310 3172 ad·

323 3233 422 3299 iuvet
437 3227 556 3294 doctos
575 3230 608 3286 01
619 3211 785 3283 honestos
803 3213 965 3292 iuvenes,
991 3231 1142 3298 quorum
1168 3204 1310 3294 ingenia

324 3330 511 3424 profutura
535 3330 618 3388 sunt
632 3312 810 3383 Ecclesiae
821 3307 908 3398 Dei,
936 3331 1025 3400 quae
1050 3308 1162 3375 0110010
1185 3323 1217 3377 01
1234 3305 1310 3374 Deo

324 3443 423 3524 grata
437 3437 538 3509 sunt,
562 3432 597 3489 et
611 3416 748 3505 magnis
763 3412 927 3505 praemiis
945 3423 1226 3500 compensantur.
1264 3403 1313 3474 Et

326 3552 529 3630 quanquam
553 3519 691 3611 magnis
711 3513 877 3609 periculis
903 3512 1110 3603 plerumque
1133 3509 1312 3578 conflicta-

325 3654 386 3710 tur
407 3629 581 3711 Ecclesia,
622 3636 740 3694 tamen
763 3615 860 3717 Deus
880 3637 956 3683 eam
980 3614 1072 3680 inter
1094 3611 1313 3680 saevissimos

326 3741 455 3810 fluctus
479 3740 612 3810 servat,
652 3736 686 3792 et
708 3717 882 3790 benefacit
911 3713 1093 3796 omnibus,
1129 3712 1191 3804 qui
1218 3712 1311 3802 piam

327 3812 525 3911 doctrinam
550 3838 710 3907 tuentur,
746 3823 837 3889 01001
857 3816 1026 3904 scriptum
1049 3829 1116 3883 est:
1148 3809 1319 3908 plantati

330 3940 369 4010 in
385 3935 491 4007 domo
505 3922 649 4006 domini
668 3922 708 3996 in
732 3916 842 3993 atriis
867 3910 995 3984 domus
1008 3909 1086 3983 Dei
1109 3912 1230 3983 nostri
1239 3910 1315 4010 sto-

215 4140 219 4145 ·
329 4041 466 4111 rebant.

430 4183 509 4255 Hoc
522 4190 683 4249 nostrum
699 4170 939 4243 testimonium
962 4180 1124 4257 optamus
1143 4160 1227 4255 10010
1250 4157 1316 4229 ho-

330 4304 430 4362 nesto
445 4286 523 4354 viro
538 4272 663 4348 Paulo
678 4275 782 4344 etiam
799 4272 893 4362 apud
913 4269 1084 4363 inclytum
1109 4279 1143 4335 01
1167 4263 1316 4334 0000010-

329 4397 458 4465 simum
474 4385 608 4474 Regem
625 4377 819 4450 Succorum
842 4372 1022 4463 prodesse,
1051 4391 1155 4461 quem
1182 4389 1316 4435 summa

330 4488 525 4564 reverentia
542 4498 577 4554 et
592 4481 718 4573 pietate
733 4497 869 4564 semper
883 4471 992 4542 coluit
1008 4484 1043 4539 et
1056 4481 1241 4538 veneratus
1256 4479 1317 4538 est.

330 4595 492 4684 Cumque
525 4587 637 4656 iustus
660 4578 766 4648 fucrit
787 4597 866 4663 erga
890 4571 957 4642 nos
982 4567 1137 4661 hospites
1165 4569 1318 4661 patriae,

332 4697 438 4766 etiam
454 4688 609 4760 debitam
624 4681 789 4774 pietatem
816 4673 1008 4765 praestitit,
1032 4695 1098 4742 nec
1121 4671 1194 4739 ulla
1218 4669 1256 4736 in
1279 4692 1318 4737 re

333 4812 545 4892 quemquam
566 4809 649 4856 suae
669 4779 781 4869 gentis
804 4772 986 4844 homiuem
1006 4775 1118 4842 100011.
1169 4769 1222 4839 Ne
1238 4770 1318 4863 quis

332 4912 449 4970 autem
474 4893 517 4960 de
541 4889 609 4955 fide
632 4879 758 4952 harum
792 4878 977 4946 literarum
1007 4874 1162 4954 dubitet,
1201 4871 1317 4960 sigillo

331 4994 464 5072 Deeani
479 4990 609 5061 usitato
624 4983 826 5070 obsignatae
842 4991 935 5048 sunt.
986 4974 1083 5045 Bene
1100 4973 1176 5042 vale
1197 4973 1317 5045 100100.

332 5099 444 5172 Datae
459 5091 604 5163 Witeb.
618 5084 675 5155 die
691 5078 843 5151 Martini
864 5074 1033 5168 Episcopi
1055 5071 1189 5257 ¹543),
1216 5185 1268 5257 Μ

334 5364 547 5389 ...μ-...-

814 5416 823 5447 l

367 5490 401 5560 01)
418 5486 464 5542 Vct
478 5488 539 5553 post
553 5476 608 5544 ipsi
616 5471 717 5547 aliquid
735 5469 849 5539 eccidit,
870 5465 914 5522 rel
931 5474 956 5518 et
974 5462 1131 5518 delendum.

1350 1611 1454 1680 laude
1468 1608 1657 1679 modestiae
1673 1622 1708 1677 01
1724 1598 1928 1698 diligentiae
1945 1610 1983 1676 in
2005 1608 2118 1677 literis
2142 1631 2342 1677 commora-

1350 1724 1425 1782 tum
1442 1734 1524 1779 esse.
1551 1708 1715 1779 Studiose
1729 1724 1845 1778 autem
1861 1710 1987 1779 didicit
2000 1708 2164 1778 Latinam
2182 1707 2341 1778 016000-

1352 1838 1426 1881 eam
1452 1813 1628 1902 linguam:
1662 1824 1697 1879 01
1720 1824 1761 1879 001
1783 1813 1898 1880 100100
1923 1810 2082 1879 coelestis
2104 1812 2282 1880 doctrinae
2306 1815 2341 1879 ei

1352 1927 1528 2004 paterent,
1565 1912 1680 2000 attigit
1710 1909 1887 1980 Ebraeam
1916 1913 2087 2001 linguam.
2158 1908 2341 2002 Ingressus

1353 2015 1461 2102 igitur
1482 2015 1521 2081 in
1543 2014 1658 2081 studia
1682 2007 1933 2102 Philosophiae
1957 2027 1992 2082 et
2012 2011 2193 2084 doctrinae
2215 2012 2341 2084 Eccle-

1353 2116 1528 2199 siasticae,
1555 2115 1591 2180 in
1611 2128 1761 2205 utroque
1784 2137 1911 2202 genere
1933 2115 1981 2184 ita
2004 2115 2171 2205 profecit,
2194 2129 2236 2184 ut
2259 2119 2342 2186 usui

1353 2216 1584 2306 Reipublicae
1604 2215 1684 2283 aliis
1702 2216 1904 2284 erudiendis
1919 2239 1991 2285 esse
2007 2215 2132 2305 possit:
2159 2239 2200 2284 ac
2214 2218 2258 2284 de
2274 2220 2341 2287 do-

1354 2318 1465 2386 ctrina
1484 2317 1624 2386 coelesti
1641 2317 1698 2406 pie
1716 2316 1939 2406 amplectitur
1953 2339 2163 2386 consensum
2190 2313 2342 2388 catholi-

1354 2443 1412 2488 cae
1427 2415 1604 2487 Ecclesiae
1615 2413 1699 2500 Dei,
1726 2441 1829 2509 quem
1853 2433 1888 2487 et
1910 2431 2029 2487 nostra
2044 2414 2200 2487 Ecclesia
2225 2422 2344 2512 sequi-

1353 2533 1429 2603 tur,
1456 2544 1494 2587 ac
1509 2543 1528 2587 a
1543 2518 1703 2587 fanaticis
1719 2532 1753 2587 01
1770 2520 1945 2589 seditiosis
1964 2519 2195 2610 opinionibus
2209 2518 2344 2592 abhor-

1355 2634 1418 2690 ret.
1458 2620 1549 2689 Cum
1567 2633 1681 2688 audem
1696 2621 1830 2688 bellum
1847 2622 1891 2689 ad
1907 2618 2029 2690 Albim
2042 2635 2179 2689 motum
2194 2623 2341 2711 fugeret,

1355 2735 1389 2791 01
1404 2722 1481 2789 loca
1499 2721 1746 2812 tranquilliora
1764 2723 1986 2814 quaesiturus
2002 2735 2105 2806 esset,
2131 2747 2175 2790 ne
2196 2726 2275 2816 quis
2300 2733 2345 2795 de

1356 2823 1430 2891 eius
1444 2822 1727 2912 peregrinatione
1741 2845 1839 2893 secus
1855 2825 2109 2914 suspicaretur,
2133 2818 2201 2893 hoc
2231 2828 2345 2896 disce-

1356 2924 1455 2993 denti
1476 2948 1516 2991 ex
1538 2936 1656 2991 nostra
1678 2921 1868 2992 Academia
1897 2926 2138 2993 testimonium
2169 2929 2267 2995 dedi:
2311 2945 2345 2998 et

1357 3025 1503 3092 adfirmo
1526 3048 1606 3092 eum
1627 3020 1784 3095 honestis
1798 3027 1958 3094 moribus
1977 3026 2174 3117 praeditum
2196 3051 2286 3113 esse,
2311 3045 2347 3101 01

1357 3126 1516 3194 doctrina
1533 3139 1625 3194 recte
1641 3126 1855 3196 institutum.
1907 3125 2026 3213 Quare
2045 3141 2079 3197 et
2095 3153 2217 3197 omnes
2232 3126 2348 3202 houe-

1356 3240 1429 3295 stos
1444 3220 1607 3295 homines
1621 3221 1808 3310 adhortor,
1837 3241 1876 3296 ut
1894 3229 2006 3296 officia
2029 3231 2196 3298 modestis
2224 3227 2347 3325 hospi-

1358 3328 1453 3397 tibus
1469 3327 1608 3412 debita,
1633 3322 1717 3396 huic
1733 3318 2003 3421 Christophoro
2028 3331 2133 3400 etiarn
2154 3350 2350 3423 praestent:

1359 3429 1452 3521 quod
1470 3426 1591 3496 etDeo
1613 3441 1750 3516 gratum
1776 3443 1846 3514 est,
1873 3443 1907 3499 et
1929 3433 2141 3500 conveniens
2166 3439 2348 3505 communi

1360 3525 1546 3598 hominum
1571 3529 1745 3616 societati,
1785 3545 1820 3600 et
1840 3546 1986 3601 naturae
2011 3534 2163 3619 foederi,
2201 3553 2242 3608 ut
2267 3563 2348 3607 ‹.um

1359 3630 1595 3722 peregrinatio
1611 3645 1756 3722 propter
1769 3634 1967 3703 doctrinam
1983 3648 2018 3704 et
2034 3637 2162 3705 multas
2176 3638 2264 3707 alias
2281 3635 2349 3707 bo-

1361 3746 1477 3801 nestas
1501 3755 1621 3801 causas
1642 3735 1835 3802 necessaria
1859 3736 1905 3804 sit
1929 3731 2155 3821 hominibus,
2185 3751 2219 3809 et
2240 3742 2349 3810 simul

1364 3834 1466 3924 plena
1490 3834 1652 3903 laborum
1679 3849 1713 3904 et
1741 3835 2001 3925 periculorum,
2042 3840 2210 3908 inventur
2236 3857 2270 3912 et
2296 3857 2350 3913 10-

1363 3947 1492 4025 gantur
1506 3935 1635 4019 exteri,
1662 3936 1725 4029 qui
1740 3937 1942 4026 probabiles
1957 3962 2077 4008 causas
2093 3934 2225 4012 habent
2245 3944 2352 4013 itine-

1363 4061 1454 4110 rum.
1506 4034 1605 4105 Sicut
1619 4052 1653 4107 01
1668 4051 1821 4121 veteres,
1844 4039 1906 4130 qui
1920 4039 2079 4110 iusticiac
2102 4043 2215 4113 officia
2240 4049 2352 4136 magis

1364 4138 1612 4212 intellexerunt
1639 4152 1674 4207 01
1706 4136 1912 4222 001000001,
1950 4142 2138 4230 diligenter
2166 4170 2353 4239 praecepe-

1364 4252 1449 4308 runt
1473 4238 1737 4308 beneficentiam
1762 4264 1841 4329 erga
1863 4235 2038 4333 hospites,
2066 4248 2265 4337 etquidem
2292 4274 2353 4319 eos

1362 4337 1438 4409 Deo
1461 4362 1566 4475 purae
1586 4362 1658 4410 esse
1673 4340 1899 4432 scripserunt.
1952 4342 2084 4414 Notum
2100 4348 2352 4422 001111011Ηο-

1363 4442 1452 4511 meri
1483 4438 1518 4532 ),

1492 4546 1557 4631 ζιὺς
1571 4552 1598 4617 τ’
1613 4553 1819 4639 ἐπιτιμήτωρ,
1841 4554 1969 4621 ἱκετάων
1982 4581 2014 4622 τε
2028 4561 2132 4634 'servus
2144 4585 2193 4641 τε,

1489 4637 1612 4718 ξείνιος,
1635 4637 1671 4716 ὃς
1685 4641 1823 4714 §afrorum
1839 4643 2001 4708 nidulorum
2018 4641 2137 4727 100ηὸ01.

1437 4738 1546 4819 Datae
1568 4741 1797 4834 Vitebergae,
1844 4743 1911 4835 Die
1933 4747 1970 4817 S.
1987 4747 2136 4819 Martini
2162 4750 2354 4843 Pannonii,

1364 4839 1471 4913 Anno
1491 4840 1603 4917 1546.

1368 5029 1571 5045 m

1400 5143 1430 5215 ’1)
1447 5143 1722 5216 0d5u.11,2702q.
