4882 6426
163 318 243 397 589
766 304 1206 395 EPISTOLARUM
1261 300 1369 394 LlB.
1393 314 1441 390 X.
1493 304 1632 394 csta
2146 318 2225 396 590

165 492 205 560 in
228 500 367 557 aeterna
387 487 673 573 consuetudine,
688 488 822 559 etiamsi
850 486 891 562 bi
904 492 1076 562 tumultus
1094 481 1166 560 lm·
1316 482 1467 557 Absolvi
1482 486 1520 555 in
1536 480 1604 557 hoc
1621 486 1739 572 exilio,
1754 470 1967 578 promissum
1983 488 2055 560 lilio
2071 512 2215 576 munus,

129 648 135 661 .
163 591 345 684 periorum
367 612 433 658 nos
453 614 524 658 una
539 589 660 658 vivere
676 614 749 658 non
765 590 884 663 sinent
897 596 934 660 in
952 589 1058 664 huius
1073 595 1166 662 vitae
1213 601 1248 659 et
1275 589 1325 657 ita
1348 589 1526 680 pertenui,
1550 600 1591 658 ut
1604 610 1740 679 sperem
1755 591 2035 661 adolescentibus
2049 594 2213 683 profutu-

164 690 354 762 curriculo.
411 689 483 758 Nec
508 713 571 778 ego
598 692 723 781 procul
747 714 766 759 a
790 708 881 763 meta
907 695 1043 765 absum.
1093 690 1166 764 Res
1213 714 1289 760 ram
1310 691 1596 759 lucubrationem
1620 691 1931 776 adiudicandum,
1954 694 2014 761 sed
2041 706 2158 761 tamen
2180 691 2215 763 te

165 791 287 874 utiles,
311 815 390 860 cum
406 791 628 874 incidissem,
651 815 730 860 meo
747 795 901 884 quodam
918 796 1008 875 fato.
1036 796 1074 863 in
1090 818 1165 863 ma·
1212 784 1461 899 Aristarchum
1484 813 1557 860 esse
1578 791 1673 865 volo.
1725 788 1919 881 Coniugem
1942 790 2050 862 Ducis
2071 789 2215 862 Bores-

165 916 270 983 gnam
296 891 540 960 confusionem
564 892 865 980 disputationum,
900 897 1061 964 evolvere
1089 908 1165 964 stu-
1211 889 1291 960 siae
1307 893 1374 960 scis
1388 893 1547 960 fortassis
1563 893 1759 982 paulopost
1774 916 1870 962 meae
1886 893 1979 962 filiae
1995 909 2154 980 mortem,
2172 914 2213 962 ex

163 994 250 1077 dui,
276 1006 308 1061 et
331 994 516 1061 veritatem
538 992 715 1083 quaesivi,
741 994 842 1063 cuius
858 1019 954 1064 meae
971 997 1164 1066 voluntatis
1211 989 1278 1062 hac
1294 991 1436 1062 mortali
1452 994 1525 1062 vita
1543 994 1649 1062 etiam
1670 995 1715 1062 ad
1730 1005 1907 1062 aeternam
1924 996 2213 1067 consuetudinem
2229 1077 2233 1083 .

164 1108 287 1167 testem
303 1088 416 1180 habeo
434 1089 550 1160 Deum
566 1087 891 1190 καρδιογνώστην,
920 1110 953 1165 et
966 1096 1017 1167 lui
1034 1094 1165 1166 adhor-
1210 1092 1279 1164 Dei
1296 1106 1474 1164 evocatam
1491 1117 1576 1167 csse.

165 1208 259 1265 tator
272 1193 450 1263 iuventuti
464 1195 506 1261 ad
524 1192 693 1262 discenda
707 1195 821 1275 utilia,
837 1198 973 1266 utinam
989 1211 1023 1268 et
1037 1199 1165 1269 rectio-

164 1320 204 1365 ra
220 1297 388 1378 doceant,
413 1294 475 1387 qui
497 1306 706 1386 sequentur,
732 1309 766 1364 et
780 1297 853 1365 sint
866 1296 1049 1370 feliciores.
1103 1297 1165 1367 ln·

166 1411 269 1466 tueor
289 1409 407 1463 mente
431 1395 563 1463 exitum
578 1409 772 1465 conventus
788 1392 1000 1482 Ulmenss‘s,
1026 1400 1088 1492 qui
1115 1424 1161 1468 an

163 1498 366 1568 redditurus
386 1495 432 1564 sit
454 1491 622 1563 Ecclesiis
644 1509 679 1564 et
702 1497 860 1586 imperiis
882 1493 1082 1591 νηνεμίαν,
1109 1510 1164 1570 res

164 1601 343 1674 ostendet,
369 1599 412 1665 de
431 1618 575 1663 menon
590 1596 693 1665 valde
706 1621 784 1666 sum
800 1598 977 1668 solicitus:
1005 1600 1075 1670 scio
1094 1598 1164 1670 Ec-

164 1699 306 1768 clesiam
322 1697 398 1768 Deo
417 1719 520 1764 curae
536 1719 627 1780 esse,
653 1709 687 1766 et
710 1721 776 1767 nos
795 1698 833 1765 in
848 1695 1005 1769 Ecclesia
1021 1699 1086 1771 Dei
1109 1725 1162 1771 se-

163 1815 242 1889 ptos
263 1822 335 1866 esse
364 1798 476 1886 ipsius
508 1798 754 1881 tabernaculo,
786 1813 827 1868 ut
853 1797 1013 1870 Psalmus
1036 1802 1164 1894 inquit,

161 1898 210 1970 Et
223 1899 321 1967 dabit
334 1891 431 1968 κύνα
445 1895 670 1987 βοηθοῦσαν
685 1903 833 1994 πτωχῷ,
850 1912 889 1969 ut
904 1901 1048 1988 dicitur,
1074 1905 1163 1971 ami-

160 2001 211 2070 cis
228 1998 359 2068 alicubi
375 1993 526 2085 hospitia
546 2020 689 2088 quaero.

261 2091 503 2167 DeMilr‘chio
519 2097 643 2185 scripsi
660 2099 702 2165 ad
711 2093 977 2192 Hieronymum
987 2092 1041 2190 ⁴⁵),
1056 2124 1161 2193 quae-

160 2223 200 2272 so
218 2213 257 2268 ut
271 2217 309 2267 tu
326 2221 466 2290 quoque
483 2197 529 2265 sis
544 2191 723 2280 hortator,
739 2214 777 2269 ut
794 2201 823 2267 si
839 2201 906 2270 erit
922 2202 1163 2285 occasio‚cius

157 2300 253 2372 ratio
277 2294 458 2369 habeatur.
509 2287 678 2367 Cornelii
698 2294 850 2368 Sitardr'
867 2303 1108 2375 emditionem
1129 2316 1163 2371 et

161 2403 353 2472 candorem
376 2400 449 2469 seio
471 2396 538 2467 tihi
561 2398 736 2489 voluptati
753 2424 845 2482 esse.
871 2401 929 2472 cui
942 2403 1029 2471 meis
1042 2404 1161 2472 verbis

160 2504 309 2574 salutem
329 2501 450 2575 dicito.
598 2503 602 2511 '

182 2622 185 2626 ·
264 2597 353 2673 Ate
376 2615 514 2692 praeter
542 2603 719 2693 proximas
749 2602 915 2691 epistolas
941 2626 1014 2687 non
1044 2603 1161 2692 accepi

159 2718 261 2775 antea
278 2704 361 2774 totis
378 2704 491 2773 tribus
506 2704 709 2788 mensibus,
734 2705 805 2773 nisi
818 2704 959 2772 unicam
975 2707 1068 2795 apud
1083 2700 1162 2772 Sti-

160 2803 292 2876 harum
309 2804 486 2894 scriptam.

259 2905 430 2976 Libenter
453 2905 519 2972 tihi
541 2906 710 2996 quasdam
735 2927 831 2974 meas
855 2904 1020 2992 epistolas
1042 2904 1161 2974 mitte-

159 3031 235 3077 rem
250 3009 294 3075 ad
310 2997 593 3097 Obemburgum
616 3004 773 3093 scriptas.
824 3003 894 3075 Sed
917 3005 1162 3096 colloquemur

158 3121 200 3178 ut
212 3131 341 3198 spero,
359 3108 397 3174 in
417 3119 601 3178 autumno.
655 3103 816 3175 Gratiam
833 3106 898 3176 tihi
915 3101 1048 3190 habeo,
1063 3108 1159 3198 quod

157 3209 292 3277 mederi
308 3208 499 3277 domestico
516 3231 595 3276 meo
610 3207 753 3276 vulneri
768 3209 900 3280 studes.
950 3204 1046 3275 Deus
1061 3207 1160 3275 miti-

156 3310 244 3397 tiget
259 3310 400 3399 publica
417 3321 452 3377 et
468 3308 604 3397 privata
619 3309 722 3376 mala.
773 3306 870 3377 Bene
889 3308 967 3381 vale
990 3332 1071 3378 cum
1092 3303 1159 3376 ho-

156 3410 353 3479 nestissima
371 3410 519 3497 coniuge
538 3423 572 3478 et
586 3407 799 3478 dulcissimis
814 3408 949 3481 liberis.
1026 3422 1035 3448 ³

260 3506 357 3577 Audi
381 3504 566 3575 historiam
588 3510 787 3575 insuavem:
822 3501 986 3575 Lembos
1002 3507 1061 3574 ille
1077 3519 1159 3576 tuus

154 3610 194 3681 in
216 3609 388 3678 concione
412 3607 528 3697 palam
551 3607 691 3675 iussisse
712 3607 825 3674 fertur
840 3604 915 3674 Deo
942 3606 1071 3693 gratias
1092 3607 1158 3694 agi,

152 3712 254 3807 quod
273 3707 354 3779 Dux
370 3702 583 3774 Saxonicus
599 3719 719 3797 captus
733 3705 797 3790 sit,
823 3706 953 3775 deinde
975 3706 1079 3774 etiam
1095 3730 1157 3796 pe-

152 3815 204 3897 ti,
229 3807 381 3880 ntDens
405 3808 522 3876 ssectat
546 3807 622 3875 eius
646 3806 805 3874 animum
823 3808 868 3875 ad
883 3807 1154 3899 relinquendam

151 3908 320 3985 haeresin
347 3903 606 3992 Lutheranam,
656 3899 793 3999 Hisque
818 3929 902 3976 usus
929 3931 1002 3976 esse
1030 3907 1158 3992 verbis,

149 4012 448 4105 significationem
492 4006 749 4097 indignationis
791 4009 976 4080 manifesto
1014 4008 1157 4079 fremitu

146 4112 280 4187 multis
298 4112 401 4181 bonis
422 4109 508 4179 viris
528 4108 806 4198 ostendentibus.
857 4104 953 4178 Haec
971 4111 1059 4178 adeo
1075 4123 1157 4178 sunt

146 4218 235 4291 dira
254 4226 290 4283 et
312 4213 542 4283 execrandam
562 4203 717 4279 habeant
732 4209 984 4283 narrationem.
1033 4208 1157 4302 Neque

142 4322 301 4413 possum
316 4314 456 4384 credere
472 4335 552 4380 vera
569 4333 660 4393 esse,
685 4309 768 4400 qui,
785 4322 824 4378 ut
839 4311 924 4391 sris,
950 4310 1062 4378 facilis
1078 4334 1154 4378 snm

143 4408 457 4490 sd²credendum
516 4410 585 4482 Sed
616 4411 710 4478 nosti
743 4403 828 4503 hoc,
865 4402 972 4503 φήμη
995 4405 1034 4480 d'
1057 4407 1157 4489 οὔτις

140 4510 335 4612 πάμπαν)
363 4528 398 4582 ct
420 4507 509 4580 mihi
526 4511 652 4580 litteris
663 4510 729 4579 ista
748 4509 963 4581 indicantur.
1018 4507 1154 4587 Interea

139 4622 275 4693 tamen
291 4607 514 4708 ὃδήμαρχος
530 4635 594 4680 nos
608 4623 721 4683 vocat.
773 4608 825 4678 Ne
849 4621 883 4679 te
899 4609 1042 4702 quidem
1067 4623 1154 4701 puto

139 4704 337 4795 suasorem
354 4718 447 4792 tore,
497 4726 537 4783 ut
564 4712 661 4782 illius
684 4704 919 4804 sycophantae
939 4711 1020 4781 tiam
1039 4706 1155 4804 dopo-

139 4817 313 4917 eduens
328 4807 506 4909 κωμικόν.
539 4812 678 4901 Quaeso
692 4825 732 4882 ut
753 4806 845 4879 mihi
859 4810 996 4904 saepius
1011 4812 1154 4885 scribas.

135 4914 252 4993 Deus
282 4933 444 4988 aeternus
474 4927 572 5007 pater
594 4911 742 4982 Domini
770 4911 884 4981 nostri
908 4910 986 4984 lesu
1009 4909 1155 4999 Christi,

135 5034 269 5097 servet
285 5035 317 5091 te
332 5034 365 5089 et
380 5034 475 5090 tuam
490 5012 682 5086 Ecclesiam
698 5012 938 5085 domesticam.

845 5171 1041 5257 Φίλιππος.

549 5282 579 5312 Q

180 5459 210 5516 *l
230 5453 437 5520 Daumgartner.
498 5462 501 5468 '

2100 1443 2132 1502 2.
2149 1428 2211 1496 lut.

2074 1522 2207 1554 M

1224 1430 1289 1500 Νο.
1310 1429 1423 1503 8927.

1217 1525 1431 1562 Μ

1591 1575 1639 1657 Ρ.
1671 1571 1827 1659 Edere.

1279 1697 1367 1770 Epist.
1386 1699 1432 1752 lib.
1452 1699 1489 1752 ll.
1509 1716 1535 1769 p.
1551 1700 1608 1755 tta
1628 1706 1684 1769 (ed.
1698 1701 1787 1755 Lond.
1801 1701 1850 1757 lib.
1866 1698 1900 1754 ll.
1912 1717 1955 1768 ep.
1973 1698 2044 1766 186.)
2061 1725 2097 1736 -
2131 1697 2210 1767 Apo·

1311 1766 1432 1839 graphou
1448 1769 1476 1821 in
1489 1769 1551 1829 cod.
1566 1770 1649 1825 Goth.
1666 1770 1725 1824 191.
1744 1788 1769 1840 p.
1783 1770 1827 1824 74.
1880 1822 1885 1834 ,

1510 1882 1566 1956 D.
1591 1882 1744 1958 Paulo
1775 1884 1928 1956 Ebero

1209 1997 1256 2087 S·
1283 2014 1327 2089 D.
1376 2012 1456 2086 Etsi
1480 2017 1693 2088 mediocrem
1712 2012 1791 2089 heri
1806 2018 2014 2088 fasciculum
2028 2014 2210 2084 literarum

1211 2139 1252 2185 ex
1273 2119 1361 2187 urbe
1374 2112 1588 2212 Noribcrga
1612 2120 1732 2190 attulit
1749 2121 1919 2203 nuncius,
1945 2118 2006 2211 qui
2025 2117 2211 2186 comitatus

1209 2219 1324 2288 fuerat
1344 2215 1576 2304 Munsterm,
1612 2244 1701 2313 quos
1728 2223 1770 2289 ad
1796 2234 1941 2312 patruos
1963 2218 2058 2286 misi:
2090 2231 2211 2287 tamen
2260 2219 2264 2224 ’

1209 2313 1303 2388 nihil
1326 2314 1555 2392 historiarum
1580 2323 1821 2394 continebant.
1880 2312 2071 2388 Ioachr'ms'
2090 2318 2210 2386 literas

1210 2421 1275 2489 tibi
1291 2421 1410 2504 mitto,
1436 2423 1475 2489 in
1498 2416 1648 2513 quarum
1665 2423 1784 2491 alteris
1805 2422 1843 2489 in
1859 2415 2012 2491 Graecis
2026 2419 2143 2488 verbis
2165 2417 2210 2486 de

1136 2544 1138 2548 ’
1214 2517 1252 2592 V
1252 2519 1304 2588 ito
1321 2535 1441 2591 narrat
1462 2525 1667 2590 mandatum
1686 2546 1777 2607 esse,
1803 2546 1848 2591 ne
1863 2523 2110 2604 concionetur3
2138 2541 2208 2610 qua

1210 2609 1253 2688 de
1266 2645 1304 2688 re
1321 2622 1497 2712 copiosius
1513 2622 1587 2712 ipse
1603 2625 1645 2691 ad
1663 2646 1719 2690 me
1735 2623 1892 2712 scripsit,
1911 2636 1952 2691 et
1967 2623 2137 2713 quaedam
2152 2642 2208 2687 sa·

1209 2723 1253 2790 tis
1270 2709 1437 2790 ir'acunde
1453 2717 1760 2814 Bomgartnerus.
1798 2722 1838 2792 ln
1855 2724 1933 2791 aula
1952 2715 2210 2793 Wmarr'ensr‘

1210 2845 1304 2891 nunc
1326 2815 1522 2889 Pantanus
1545 2838 1612 2907 est,
1645 2837 1678 2892 ct
1699 2824 1805 2892 rediit
1824 2816 2070 2902 Franciscus,
2104 2810 2209 2891 οὗτοι

1209 2917 1507 3014 συμβουλεύουσι
1515 2927 1569 3016 τῷ
1578 2921 1728 3016 ἄρχοντι
1739 2919 1913 2994 ἀποικίαν
1921 2929 1985 3016 τῆς
1998 2917 2208 3012 ἀκαδημίας

1210 3018 1358 3108 οἰκίζειν
1379 3023 1419 3094 ἐν
1439 3048 1511 3094 τινι
1535 3019 1712 3117 πολιχνίῳ
1733 3030 1956 3120 τυριγετών,
1993 3047 2061 3115 qua
2096 3024 2140 3090 de
2169 3044 2207 3088 re

1208 3125 1306 3193 brevi
1331 3148 1447 3191 coram
1470 3124 1652 3192 vobiscum
1678 3124 1870 3216 colloquar.
1924 3124 1976 3194 Te
1994 3123 2100 3192 velim
2117 3116 2207 3189 mihi

1208 3225 1359 3294 scrihere
1384 3227 1428 3315 do
1453 3219 1714 3316 typographicis
1732 3225 1901 3310 officinis,
1928 3239 1961 3293 et
1977 3225 2021 3291 de
2038 3223 2106 3292 tuis
2120 3245 2207 3290 con-

1207 3326 1308 3397 siliis.
1365 3322 1546 3395 Hactenus
1577 3326 1645 3394 iter
1674 3327 1786 3396 facere
1812 3326 1887 3394 sine
1913 3325 2017 3395 certis
2040 3322 2206 3413 periculis

1207 3451 1310 3495 nemo
1327 3439 1487 3494 nostrum
1506 3427 1638 3514 potuit,
1661 3428 1719 3494 sed
1739 3426 1903 3516 deinceps
1921 3450 2023 3516 spero
2040 3437 2117 3493 tuto
2140 3446 2206 3490 nos

1206 3549 1306 3617 posse
1329 3526 1397 3591 iter
1410 3527 1533 3595 facere.
1584 3522 1653 3591 Vel
1666 3524 1744 3593 istic
1756 3525 1813 3592 vel
1829 3524 1932 3610 alibi,
1958 3523 2034 3594 Deo
2050 3523 2205 3604 iuvante,

1206 3620 1429 3693 scholasticas
1462 3647 1584 3713 operas
1618 3624 1724 3692 simul
1750 3625 1936 3710 faciemus,
1974 3649 2014 3695 ac
2045 3623 2205 3717 quotidie

1205 3722 1318 3793 Deam
1336 3748 1459 3814 precor
1473 3719 1528 3791 his
1545 3724 1677 3793 verbis:
1976 3723 1981 3732 ’

1247 3832 1436 3915 Συμβουλῆν
1451 3831 1577 3916 ἀγαθὴν
1586 3882 1596 3912 ,
1618 3835 1668 3896 καὶ
1683 3832 1851 3918 ἀφορμὰς,
1874 3832 2049 3915 εὖτυχίαντε

1288 3921 1405 3994 Δεῖξον
1418 3918 1486 3998 ἐμοὶ
1499 3919 1603 3984 τέκνον
1615 3918 1735 4004 πατρὸς
1748 3914 1773 3984 ὦ
1789 3917 1900 3985 di'dlov.

1204 4026 1301 4097 Bene
1317 4027 1414 4096 bale.
1465 4024 1623 4096 Salutem
1643 4039 1727 4116 opto
1745 4027 1912 4095 omnibus
1930 4022 2083 4117 collegis.
2135 4018 2202 4090 Die

1204 4128 1332 4223 synodi
1347 4127 1485 4198 Mariae
1498 4139 1532 4197 et
1547 4123 1785 4198 Elisabethae.

2087 4470 2119 4529 e.
2139 4459 2198 4524 tut.
2267 4430 2273 4445 ’

2070 4548 2200 4575 Μ

1203 4461 1270 4530 Νο.
1288 4460 1401 4533 3928.

1209 4554 1381 4585 w

1486 4605 1593 4688 Ben.
1625 4603 1910 4692 Sctmmanno.

1271 4737 1294 4808 †
1313 4736 1350 4788 Es
1363 4751 1455 4804 apogr.
1469 4731 1498 4785 in
1512 4731 1575 4789 cod.
1589 4730 1675 4784 Paris.
1689 4729 1727 4784 D.
1742 4731 1776 4784 1..
1790 4730 1851 4786 54³.
1866 4741 1891 4786 et
1904 4730 1932 4783 in
1944 4730 2006 4786 eod.
2023 4728 2085 4784 Bar.
2099 4748 2125 4800 p.
2137 4729 2200 4786 681.

1201 4856 1267 4934 M.
1291 4853 1546 4930 Benedicto
1569 4847 1854 4940 Schamann,
1888 4854 2138 4927 concionatori
2158 4854 2198 4923 in

1480 4954 1629 5027 Selenis
1656 4953 1915 5051 Saxonicis¹).

1200 5059 1245 5149 S.
1272 5078 1316 5149 D.
1366 5075 1468 5148 Hanc
1491 5079 1534 5144 ad
1551 5090 1601 5159 te,
1624 5076 1815 5143 reverende
1828 5060 2042 5155 'Benedicte,
2068 5073 2198 5164 episto-

1201 5184 1271 5250 lam
1285 5181 1409 5269 scripsi
1424 5203 1465 5246 eo
1482 5177 1556 5260 die,
1583 5201 1654 5268 quo
1671 5175 1839 5244 memoria
1855 5177 2051 5257 celebratur
2067 5176 2199 5245 dulcis-

1237 5374 1263 5440 Ι)
1285 5372 1316 5423 ln
1333 5368 1394 5422 cod.
1411 5363 1506 5421 Bavari
1520 5373 1560 5416 est
1573 5362 1730 5433 inscriptios
1747 5365 1783 5417 D.
1799 5363 1945 5417 Benedicta
1959 5361 2131 5436 sesumam,
2145 5365 2200 5420 l’e-

1291 5435 1358 5491 stari
1372 5433 1507 5490 Ecclesiae
1521 5430 1575 5485 Dei
1589 5432 1617 5485 in
1631 5431 1747 5504 Setinis,
1766 5430 1854 5487 amico
1872 5450 1921 5486 suo
1938 5431 2088 5487 carissimo.
