4882 6436
100 357 177 432 3⁴21
693 341 1130 435 EPISTOLARUM
1180 337 1289 417 LlB.
1320 336 1366 412 Χ.
1421 334 1553 414 1516.
2067 338 2145 411 822

102 528 235 599 Micam
261 523 506 596 crudelitatem
539 523 578 592 in
606 516 672 594 hac
698 521 828 592 vicinia
853 517 981 591 Hunni
1004 515 1104 612 equi·
1148 535 1188 583 ea
1201 511 1290 583 urbe
1304 509 1433 604 dequa
1448 505 1584 599 scripsi,
1604 518 1680 577 tum
1695 508 1928 593 commodius,
1953 520 2029 577 tum
2044 521 2144 580 tran-

104 644 157 701 tes
171 626 197 724 ¹)
222 642 396 700 exercent.
449 622 486 695 Ο
509 625 768 717 impudentiam
791 623 1020 693 execrandam
1042 643 1104 689 eo·
1148 615 1296 708 quillius
1317 607 1503 682 habiturus
1525 611 1668 694 videor,
1692 608 1760 690 ἕως
1782 606 1830 681 ἂν
1851 606 1992 700 κατέχει
2016 605 2036 681 ὃ
2054 608 2144 692 θεὸς

101 755 204 815 rum,
236 730 301 823 qui
323 741 492 798 excusant
515 722 624 796 huius
646 726 731 797 belli
757 729 863 795 duces
886 736 921 794 et
942 721 1100 793 autores!
1146 708 1366 811 μυρμηκίαν
1386 708 1580 814 ἡμετέραν.
1630 709 1685 780 De
1711 712 1863 782 exercitu
1881 713 2143 787 foederatorum

100 829 156 904 De
185 856 263 926 quo
287 830 454 921 cogitanti
475 825 505 921 ²)
533 829 683 899 veniunt
709 823 798 897 mihi
824 828 864 896 in
886 837 1040 895 mentem
1062 816 1103 891 hi
1147 830 1182 886 et
1205 817 1388 887 civitatum
1408 812 1605 889 constantia
1624 836 1644 880 a
1667 813 1734 881 lide
1747 813 1864 902 dignis
1879 835 1953 881 non
1967 813 2143 881 nuncian-

101 947 239 1004 veteres
254 955 376 1002 versus
391 927 422 1025 ³)
443 931 552 999 nimis
567 930 664 1001 veri:
1117 946 1121 958 ¹
1147 933 1206 988 tur
1223 932 1296 988 tam
1314 931 1425 999 terra,
1454 939 1562 1008 quam
1586 928 1754 1003 spargunt
1777 910 1946 1008 homiues·
1962 911 2142 1009 ἐπιχαιρέ-

192 1043 303 1111 deor?
315 1045 348 1108 ir
362 1039 559 1126 ἀνθρώποισι
573 1039 736 1126 γηράσκειν
751 1038 821 1125 ilpo,
1147 1044 1255 1090 κακοι
1269 1019 1308 1088 in
1323 1017 1466 1089 vicinia.
1518 1014 1641 1085 Scribe
1659 1038 1704 1082 an
1720 1015 1894 1105 stipendia
1911 1028 2025 1084 vestra
2046 1039 2143 1084 acce·

189 1132 240 1194 eoi
253 1127 333 1213 πρὸς
346 1127 491 1210 τελευτὴν
505 1126 623 1210 ἔρχεται
638 1125 698 1208 τὴν
713 1131 771 1191 τοῦ
783 1120 911 1208 χρόνον,
1147 1121 1287 1214 peritis,
1314 1133 1350 1189 et
1368 1119 1488 1188 literas
1503 1111 1588 1185 huie
1603 1117 1804 1202 tabellario,
1830 1141 1936 1211 quem
1951 1139 2029 1185 meo
2046 1139 2144 1185 sum-

190 1213 287 1296 ''i'i'a
311 1209 354 1288 ὡς
366 1211 460 1293 itane,
482 1218 539 1296 ‘5⁶
556 1210 714 1286 111111δεῖ11
725 1207 842 1292 μόνον·
1148 1238 1229 1314 ptu,
1256 1221 1364 1311 magis
1379 1233 1439 1290 tua
1454 1242 1559 1312 quarn
1574 1210 1613 1285 T
1612 1216 1747 1285 annui
1761 1240 1864 1288 causa
1881 1217 1974 1301 misi,
1999 1219 2143 1290 tradito.

187 1296 268 1406 otico]
282 1293 312 1362 ‘i'
325 1290 880 1404 1011711αὔξετα’θνηῐῶ1,71”ς4)’
1148 1319 1324 1394 Tannero
1346 1323 1485 1392 reddito
1508 1320 1628 1389 literas
1654 1315 1883 1395 Austriucas.
1933 1316 2030 1388 Beue
2053 1320 2143 1393 vale.

189 1407 281 1470 τωσρι
293 1383 328 1448 δὲ
340 1383 451 1463 μείζων
465 1381 495 1467 ⁵)
515 1384 647 1468 γίγνεται
662 1385 730 1446 καθ
752 1379 883 1464 ημίρακ.
1147 1425 1215 1496 Die
1236 1426 1293 1499 ¹6·
1310 1423 1476 1494 Decemb·

106 1486 253 1559 Utinam
286 1488 356 1556 viri
385 1489 493 1557 fortes
520 1486 758 1556 excitarentur
783 1484 830 1552 ad
861 1477 1104 1569 expellendam

108 1587 199 1659 hanc
213 1590 413 1660 barbariem
431 1613 472 1658 ex
488 1587 693 1661 Germania.
1154 1613 2132 1644 -.,.-..-.........................,-...

182 1687 329 1774 †Mitto
345 1691 516 1783 pagellam
532 1681 762 1760 anuchimo
776 1683 942 1775 scriptam
961 1683 1005 1750 de
1020 1701 1107 1747 con·

109 1816 230 1885 gressu
244 1791 455 1863 Macedonis
480 1805 515 1862 et
538 1791 677 1882 generi,
702 1791 747 1859 de
765 1810 837 1881 quo
850 1782 1008 1854 fortassis
1023 1780 1106 1849 lite-

108 1918 166 1967 ras
189 1893 322 1986 accepit
343 1894 401 1964 vir
421 1894 638 1964 clarissimus
654 1893 699 1964 D.
715 1884 922 1960 Fontanus.
974 1881 1059 1952 ldeo
1073 1878 1108 1949 ei

1161 1765 1227 1836 No.
1242 1763 1354 1839 11666.

1159 1864 1371 1897 Μ

1996 1771 2052 1835 17.
2067 1763 2144 1829 Dec.

2008 1856 2141 1882 Μ

109 1999 275 2067 ostendas
304 1992 398 2066 hauc
427 1995 611 2088 pagellam.
677 1992 806 2063 Filiam
829 1988 935 2059 etiam
958 1982 1108 2053 feliciter

111 2098 288 2192 peperisse
310 2098 424 2177 dieas,
459 2112 493 2166 et
516 2097 663 2165 infantis
682 2114 888 2183 generosam
913 2111 985 2158 esse
1001 2097 1109 2203 natu-

110 2224 211 2284 ram,
242 2213 285 2269 ut
314 2199 449 2268 indicat
478 2199 643 2291 syderum
672 2197 828 2287 positus,
861 2213 965 2284 quem
994 2198 1109 2258 mitto.

111 2301 210 2372 Deus
224 2314 338 2370 servet
353 2314 387 2370 et
401 2313 497 2388 regat
512 2323 574 2368 vos
589 2311 625 2368 et
642 2294 770 2369 harum
783 2296 968 2382 regionum
984 2285 1109 2357 Eccle-

100 2405 183 2484 ,sias
202 2418 236 2474 et
253 2402 406 2492 politias.
456 2401 595 2471 Literas
609 2423 629 2469 a
645 2415 700 2480 te,
727 2411 761 2468 et
776 2420 796 2466 a
812 2384 1016 2474 Chiliono,
1041 2401 1075 2458 et
1089 2411 1109 2456 a

117 2499 161 2577 V
160 2503 211 2573 ito
236 2517 270 2574 et
284 2497 445 2597 Georgia
467 2527 529 2593 per
544 2497 640 2572 hunc
658 2494 883 2572 tabellarium
900 2491 1032 2564 adferri
1048 2515 1112 2560 cu·

116 2598 240 2698 res''⁰).
266 2602 461 2678 Benevalc.
489 2602 556 2673 Die
575 2605 634 2677 16.
643 2604 771 2674 Decbr.
784 2596 893 2672 1546.
920 2595 1112 2666 Servestae.

1209 1967 1212 1975 '
1308 1955 1313 1958 ⁸
1417 1955 1599 2072 Georgia
1623 1957 1880 2044 Anteium.

1219 2121 1317 2177 Select.
1329 2121 1405 2192 epist.
1424 2141 1450 2194 p.
1465 2121 1527 2177 871.
1548 2120 1633 2192 Epist.
1645 2121 1694 2177 lib.
1710 2123 1731 2175 Ι.
1754 2142 1781 2195 p.
1795 2125 1855 2183 100.
1873 2123 1950 2189 (edit.
1963 2122 2050 2180 Loud.
2065 2122 2113 2181 lib.
2127 2125 2148 2183 Ι.

1253 2210 1296 2263 ep.
1309 2190 1376 2260 17.).

1294 2362 1350 2442 D.
1376 2360 1578 2462 Georgia
1603 2361 1775 2465 Principi
1788 2360 2010 2437 Anhaldiuo

1152 2497 1198 2588 S.
1225 2514 1271 2591 D.
1321 2515 1477 2586 Memini
1492 2519 1609 2587 virum
1628 2519 1855 2589 excellentem
1870 2520 2013 2608 ingenio
2030 2533 2063 2589 et
2077 2521 2153 2591 vir·
2183 2552 2186 2556 ⁴

1155 2632 1231 2689 tute
1247 2612 1436 2688 Atheriani
1453 2614 1642 2688 Durerum
1666 2621 1836 2710 pictorem
1860 2621 1998 2706 dicere,
2032 2645 2069 2690 se
2093 2623 2152 2694 iu·

1156 2745 1280 2789 venem
1302 2720 1448 2790 floridas
1469 2733 1503 2790 et
1526 2722 1677 2790 maxime
1700 2721 1816 2791 varias
1839 2722 1993 2813 picturas
2009 2747 2153 2807 amasse,

1157 2812 1262 2916 simne
1288 2823 1537 2892 admiratorem
1565 2847 1710 2892 suorum
1736 2847 1883 2914 operum
1911 2824 2014 2893 valde
2046 2826 2154 2894 laeta-

1157 2939 1234 2995 turn
1259 2946 1351 3009 esse,
1379 2924 1676 3016 contemplantem
1703 2920 1795 2993 hanc
1809 2925 2014 2994 varietatem
2036 2925 2075 2993 in
2091 2949 2155 2995 sua

1158 3027 1277 3118 aliqua
1300 3026 1449 3117 pictura.
1500 3024 1626 3095 Postea
1653 3050 1689 3095 se
1710 3048 1830 3094 senem
1852 3026 2006 3117 coepisse
2022 3027 2156 3097 intueri

1158 3141 1343 3213 naturam,
1369 3143 1403 3199 et
1419 3128 1516 3197 illius
1530 3127 1685 3196 nativam
1700 3127 1825 3196 faciem
1841 3126 1974 3199 intueri
1989 3143 2157 3199 conatum

1160 3252 1254 3313 esse,
1279 3251 1425 3322 eamque
1447 3229 1710 3321 simplicitatem
1727 3240 1812 3299 tunc
1829 3229 2039 3300 intellexisse
2059 3254 2158 3300 suru-

1159 3354 1259 3400 mum
1287 3330 1373 3400 artis
1399 3333 1505 3401 decus
1526 3354 1610 3403 esse.
1671 3330 1788 3418 Quam
1812 3356 1894 3400 cum
1918 3355 1992 3400 non
2012 3355 2158 3423 prorsus

369 3483 413 3554 D
448 3482 476 3555 I
571 3486 593 3557 b
649 3479 721 3553 Μ.
727 3480 767 3551 l.
799 3477 877 3550 'fo
1161 3431 1308 3525 adsequi
1329 3447 1463 3522 posset,
1495 3432 1634 3502 dicebat
1649 3455 1684 3499 se
1700 3432 1769 3500 iam
1786 3456 1861 3500 non
1878 3456 1950 3502 esse
1965 3434 2158 3504 admirato-

414 3533 425 3556 ’
482 3510 563 3558 ⁰⁶⁰
602 3510 623 3555 ⁰
706 3508 718 3551 ²
751 3506 790 3551 ⁸⁶
834 3506 847 3548 ι
1163 3557 1239 3602 rem
1254 3557 1401 3624 operum
1418 3557 1564 3602 suorum
1578 3546 1618 3603 ut
1636 3532 1733 3617 olim,
1758 3535 1819 3601 sed
1834 3558 1935 3624 saepe
1950 3557 2087 3623 gemere
2101 3534 2159 3603 iu-

121 3616 165 3704 S.
181 3632 225 3704 D.
261 3630 353 3705 Cum
370 3634 551 3721 integritas
568 3629 658 3701 mihi
673 3647 733 3702 tua
750 3647 784 3701 et
799 3629 952 3721 gravitas
965 3627 1004 3694 in
1020 3624 1120 3695 ouini
1162 3646 1318 3704 tuentem
1335 3657 1415 3704 suas
1428 3635 1588 3718 tabulas,
1612 3659 1653 3703 ac
1668 3635 1878 3723 cogitantem
1895 3636 1938 3704 de
1953 3636 2157 3710 infirmitate

123 3737 242 3805 officio
257 3749 437 3828 perspecta
455 3748 489 3804 θῐ
503 3736 650 3827 probata
668 3733 725 3816 ⁵5¹,
750 3747 868 3802 11181110
886 3755 930 3798 ne
949 3751 1120 3797 verecuss·
1163 3758 1237 3806 sua.
1263 3734 1422 3806 Tantum
1440 3759 1520 3806 cum
1536 3735 1644 3805 fuerit
1657 3735 1755 3805 illius
1771 3735 1840 3804 viri
1856 3737 2013 3806 studium
2030 3738 2068 3806 in
2083 3751 2158 3807 arte

124 3838 208 3908 dius
229 3839 405 3926 agendum
430 3837 468 3904 in
490 3836 642 3906 amicitia
666 3857 739 3904 esse
755 3857 894 3902 censeas
911 3854 1017 3925 quam
1032 3842 1121 3899 tem·
1164 3861 1239 3907 non
1267 3856 1421 3922 summa,
1455 3860 1558 3929 saepe
1586 3838 1689 3907 doleo
1713 3850 1747 3907 et
1768 3835 1960 3927 indignor,
1987 3863 2059 3908 non
2086 3861 2160 3908 esse

124 3963 212 4032 pora
229 3941 438 4011 concedunt.
490 3937 559 4010 Sed
575 3933 668 4030 πρὸς
680 3931 725 4008 τὸ
741 3929 928 4028 εἰλικρινὲς
941 3933 981 4000 in
998 3931 1123 4000 amici·
1164 3938 1318 4009 similem
1351 3939 1572 4028 diligentiam
1606 3938 1719 4007 nostri
1753 3939 1890 4007 ordinis
1923 3939 1961 4007 in
1988 3965 2163 4032 quaeren-

126 4043 195 4126 tia,
228 4043 380 4134 pertinet
401 4040 507 4111 etiam
531 4039 721 4110 mediocris
745 4031 940 4130 παρρησία.
1002 4032 1122 4121 Quare
1166 4044 1210 4112 da
1238 4040 1496 4132 simplicissima
1524 4041 1757 4131 explicatione
1789 4040 1972 4112 doctrinae
1990 4043 2163 4117 coelestis.

20 4169 28 4175 ·
126 4161 164 4216 te
178 4144 331 4235 primum
346 4167 409 4212 oro
425 4156 465 4212 ut
479 4142 617 4237 literas,
643 4163 731 4233 quas
746 4140 868 4228 scripsi
885 4160 1011 4228 nuper,
1036 4134 1124 4204 boni
1166 4140 1344 4236 Equidem
1369 4169 1449 4213 amo
1470 4141 1751 4232 simplicitatem,
1778 4155 1812 4213 et
1827 4142 1969 4233 proprie
1985 4143 2102 4213 dicere
2117 4147 2162 4213 de

126 4246 309 4316 consulas:
349 4245 480 4312 deinde
507 4257 587 4333 pelo
608 4255 650 4311 111
671 4254 768 4311 luam
792 4242 1012 4309 voluntalem
1034 4232 1124 4305 1111111
1166 4240 1224 4313 his
1243 4245 1350 4313 rebus
1372 4247 1515 4327 studeo,
1547 4267 1636 4337 quae
1660 4243 1825 4312 mirando
1843 4244 1992 4316 consilio
2004 4242 2074 4314 Dei
2090 4241 2163 4316 Ec.

62 4405 64 4408 ,
129 4348 315 4437 significes
351 4341 428 4414 Etsi
446 4366 527 4413 cum
544 4345 588 4412 de
604 4343 684 4410 aula
701 4343 834 4429 cogito.
859 4341 1020 4408 desidero
1036 4333 1123 4405 Phi·
1168 4345 1293 4415 clesiae
1315 4346 1514 4436 propositae
1529 4358 1622 4418 sunt.
1675 4344 1744 4415 Sed
1760 4358 1876 4415 tamen
1892 4345 1967 4438 ipse
1984 4340 2164 4416 mihidis-

128 4443 348 4539 losophiam,
387 4470 426 4515 ac
453 4467 555 4536 saepe
579 4438 671 4510 mihi
694 4443 785 4510 illud
814 4433 1069 4536 Theophrasti
1086 4438 1125 4505 in
1169 4446 1294 4539 pliceo,
1358 4445 1493 4537 scripsi
1516 4446 1585 4514 iam
1609 4443 1701 4514 Cels.
1721 4444 1766 4517 Τ,
1792 4447 1880 4516 duas
1901 4447 2164 4530 conciunculag,

128 4563 285 4620 mentem
299 4547 397 4617 venit
411 4541 536 4638 θυμὸς
548 4537 707 4637 μεθύων
720 4537 944 4638 φιλονεικίας
958 4535 1008 4620 ὠς
1021 4537 1126 4629 ἔτυχε
1171 4570 1321 4640 quarum
1346 4547 1410 4617 etsi
1434 4547 1587 4638 priorem
1614 4546 1739 4630 reieci,
1779 4559 1898 4616 tamen
1920 4547 2021 4618 vobis
2046 4572 2164 4619 exem-

129 4646 266 4746 ὁρμαῖς
280 4654 430 4743 χρῆταιε
459 4663 575 4717 tamen
591 4648 753 4717 nondum
769 4669 865 4735 spem
882 4644 993 4713 abieci
1008 4643 1052 4711 de
1069 4664 1127 4709 re·
1174 4649 1270 4741 plum
1290 4647 1412 4731 mitto,
1444 4647 1527 4740 quia
1546 4647 1703 4717 fortassis
1719 4648 1858 4718 erudito
1875 4673 1949 4717 non
1964 4649 2167 4743 displicebit

118 4736 211 4824 'ditu
231 4767 353 4822 nostro
376 4751 412 4819 111
433 4745 673 4820 Academiam.
726 4746 860 4815 interea
877 4741 1071 4837 hospitium
1087 4743 1126 4809 in
1173 4749 1348 4819 enarratio
1382 4744 1507 4843 hymni
1543 4745 1721 4837 Angelici:
1765 4741 1902 4817 Gloria
1940 4748 1980 4819 in
2014 4747 2166 4821 excelsis

1173 4846 1278 4918 Deo:
1302 4849 1374 4920 Sed
1391 4851 1515 4941 populi
1531 4850 1676 4920 auribus
1692 4873 1767 4918 non
1783 4864 1834 4921 est
1847 4846 2167 4948 accommodata*).

1175 4947 1342 5023 Arbitror
1356 4948 1447 5025 Cels.
1459 4950 1503 5020 Τ.
1518 4952 1641 5021 utilius
1653 4953 1913 5043 proposituram
1933 4954 2064 5044 populo
2081 4955 2175 5025 alte-·

1176 5076 1250 5123 ram
1267 5053 1483 5144 planiorem,
1508 5053 1608 5122 cuius
1623 5067 1656 5121 et
1670 5054 1760 5122 ordo
1777 5068 1828 5122 est
1844 5053 1980 5138 melior,
2005 5067 2040 5123 et
2054 5079 2108 5124 res
2124 5059 2169 5125 ad

1176 5155 1383 5248 quotidiana
1402 5153 1564 5224 exercitia
1585 5151 1824 5224 luvocationis
1842 5154 1952 5243 magis
1971 5179 2169 5226 accommo-

948 2967 1005 3027 16.
1017 2955 1114 3021 Decb.

932 3047 1105 3079 W

119 2965 312 3090 NQ.

456 3173 548 3254 Iac.
577 3163 785 3247 Milichie.

207 3329 294 3402 aput.
313 3329 360 3385 ιιι..
375 3329 407 3384 ιι.
423 3347 452 3401 p.
466 3328 528 3382 aas.
546 3325 600 3395 (ea.
611 3325 700 3380 tona.
715 3324 764 3378 lib.
778 3322 812 3379 11.
824 3342 869 3395 ep.
882 3322 965 3389 aaa).

128 4901 357 4930 .,......-...

169 4973 196 5034 1)
213 4969 328 5038 equuus]
346 4969 409 5021 cod.
424 4963 509 5020 Goth.
520 4963 580 5019 tot.
596 4964 741 5018 mendose:
767 4969 845 5030 apud
856 4981 918 5018 nos.

168 5054 197 5122 2)
217 5064 245 5107 et
256 5062 372 5106 autores
385 5055 420 5103 de
434 5069 487 5119 ριιο
504 5057 576 5117 eom]
591 5051 653 5103 cod.
667 5048 753 5103 Goth.
763 5051 819 5103 191.
834 5048 993 5103 nonhabet.

167 5137 200 5208 8)
217 5137 288 5190 Sunt
299 5134 326 5189 hi
341 5152 437 5190 versus
444 5131 593 5186 Theodecti
607 5132 759 5203 cuiusdam,
771 5133 870 5190 serrati
882 5130 1021 5186 assotum
1034 5125 1135 5185 Floril..

202 5205 258 5259 'tic
271 5204 313 5260 82.
326 5204 353 5257 6.
370 5201 453 5258 Τοιιι.
466 5203 502 5254 ll.
520 5221 546 5271 p.
559 5199 603 5256 82.
616 5209 643 5254 et
653 5199 728 5271 Lips.

167 5293 196 5359 t)
216 5288 288 5346 Cod.
303 5286 385 5343 Goth.
399 5286 459 5340 191.
473 5281 562 5355 ὥςπερ
580 5282 705 5346 ἀνέξεται
716 5287 828 5350 θνητῶν
839 5279 948 5356 χρόνος.

170 5378 199 5445 5)
217 5375 332 5449 μείζων]
347 5371 412 5428 cod.
423 5369 506 5425 Goth.
521 5369 580 5427 191.
598 5366 709 5442 μᾶρων.

172 5462 202 5529 6)
220 5461 312 5515 llaecr
335 5457 417 5510 Μέιιιι
433 5455 542 5522 pagati.
555 5479 588 5496 -
601 5451 783 5525 -usquead
800 5467 895 5525 eures,
917 5461 1024 5508 tautum
1034 5452 1133 5525 legun·

206 5527 296 5586 turin
312 5526 373 5584 eod.
386 5522 471 5579 Goth.
484 5521 545 5577 191.

141 5622 322 5694 meceres.
344 5615 449 5685 Orsa.
474 5615 560 5683 Vox..
573 5614 633 5682 Vl.

1183 5317 1289 5325 -n

1211 5391 1242 5462 11)
1260 5390 1299 5444 Ex
1311 5392 1389 5464 epist.
1402 5394 1435 5447 ad
1449 5391 1551 5462 Georg.
1566 5393 1673 5447 Aubalt.
1688 5392 1715 5448 d.
1731 5392 1772 5447 19.
1786 5394 1872 5446 Decb.
1886 5393 1961 5447 1547.
1975 5396 2071 5468 scripu
2088 5399 2171 5456 iutel-

1247 5461 1337 5530 ligitur
1350 5462 1554 5516 Melanthonem
1570 5462 1612 5515 isti
1619 5461 1747 5532 =l'riucipi
1761 5480 1834 5516 auno
1849 5462 1923 5517 1546.
1940 5464 2034 5519 fecisse
2053 5469 2168 5526 concio·

1247 5549 1309 5584 uem
1322 5532 1352 5584 in
1364 5530 1464 5585 festum
1479 5530 1632 5590 nativitatis
1647 5529 1754 5585 Christi.

1330 5624 1379 5693 st
