4882 6426
202 337 286 418 553
798 335 1239 412 EPISTULARUM
1282 335 1389 414 nlla.
1416 334 1463 412 Χ.
1516 336 1647 416 1547.
2177 341 2252 418 554

192 510 278 601 ,Ego
301 512 473 580 familiam
491 517 610 580 meam·
629 512 668 582 in
685 511 857 602 oppidum
872 504 1090 582 Northnscn
1106 508 1203 594 duxi,
1235 522 1384 589 ,ctorem
1406 507 1557 582 Iustum
1577 505 1609 581 I
1605 534 1733 599 onam,
1764 508 1868 593 cuius,
1885 529 1918 586 et
1943 516 2097 587 eruditio
2125 529 2156 585 et
2179 517 2254 586 elo-

200 615 265 685 ubi
280 613 348 682 Dei
367 615 537 682 beneflcio
556 613 745 682 mediocris
764 626 814 681 est
832 615 1081 705 tranquillitas.
1124 611 1203 682 Etsi
1235 603 1396 706 ‘quentia
1426 629 1461 686 et
1484 616 1596 686 virtus
1621 630 1674 686 est
1695 617 1887 701 excellens,
1920 632 1955 695 et
1982 620 2154 691 senectuti
2178 618 2252 689 eius

202 717 349 805 longum
373 719 440 784 iter
458 716 633 806 suscipere
649 737 858 783 menecesse
874 728 943 798 est,
971 728 1087 784 tamen
1104 729 1203 786 tanto
1251 714 1321 783 iam
1342 716 1580 812 tranquillitas
1604 719 1808 792 debebatur.
1859 719 1930 791 Sed
1954 743 2034 788 cum
2059 716 2252 790 Ecclesiam

202 818 379 887 desiderio
403 831 607 885 nostrorum
633 817 845 897 amicorum,
878 817 1039 907 quitum
1063 818 1101 884 in
1127 817 1204 907 ipso
1250 816 1318 885 Dei
1332 818 1369 885 in
1380 814 1527 887 Salim's
1540 817 1722 890 Saxonicis
1737 820 1887 890 fideliter
1901 822 2118 910 gubernarit,
2145 819 2252 893 etiam

203 921 335 1010 oppido
359 918 570 1006 Viteberga,
604 932 678 986 tum
708 918 746 984 in
771 917 902 986 vicinia
926 931 1026 1000 sunt,
1059 919 1203 1001 afficior,
1250 933 1331 989 ante
1354 921 1488 989 bellum
1511 921 1663 990 incurrit
1678 921 1716 987 in
1731 922 1853 990 odium
1872 921 2010 1001 'l'urcae
2030 915 2086 1016 *),
2112 933 2145 990 et
2161 945 2250 1011 quo-

201 1035 249 1091 ut
262 1022 425 1089 nondum
449 1020 587 1106 ingredi
609 1020 677 1087 iter
698 1021 874 1110 potuerim
893 1012 941 1114 *).
992 1018 1078 1087 Misi
1097 1021 1202 1089 etiam
1249 1023 1401 1091 rundam
1419 1020 1777 1094 Turcaeamicorum.
1830 1020 1960 1111 Quare,
1985 1048 2064 1092 cum
2083 1021 2246 1091 nunciu-

201 1122 372 1192 nuncium
395 1120 683 1208 Vittenbergam,
712 1133 754 1190 ut
782 1120 959 1210 explorem
984 1122 1108 1211 oppidi
1132 1136 1203 1191 sta·
1250 1122 1399 1206 dicaret,
1424 1146 1460 1192 se
1474 1124 1526 1192 ibi
1541 1147 1616 1192 non
1630 1125 1707 1192 sine
1723 1124 1880 1219 periculo
1896 1125 2056 1194 futurum
2073 1147 2162 1207 esse,
2185 1145 2248 1194 suo

201 1239 289 1302 tum.
342 1221 449 1290 Fama
474 1224 513 1290 in
528 1221 661 1291 Salinis
686 1223 732 1290 de
746 1210 938 1315 Crucigeri
953 1236 1068 1292 morte
1084 1246 1201 1314 sparsa
1249 1211 1397 1294 consilio
1421 1225 1590 1297 discessit.
1640 1223 1732 1320 Cum
1751 1239 1869 1297 autem
1886 1224 2037 1297 Senatus
2055 1239 2168 1295 vester
2185 1247 2250 1293 an·

204 1339 274 1408 est,
299 1347 406 1416 qnae,
432 1325 462 1392 si
480 1348 561 1391 vera
579 1339 649 1408 est,
676 1324 740 1392 etsi
758 1325 832 1413 ipse
851 1327 973 1393 beatus
990 1337 1058 1408 est,
1083 1312 1200 1394 famen
1248 1340 1302 1395 lea
1327 1350 1408 1396 eum
1429 1328 1473 1395 ad
1494 1326 1785 1416 gubernationem
1802 1324 1978 1401 Ecclesiae
1999 1340 2133 1397 vestrae
2153 1325 2249 1396 invi-

202 1424 378 1496 Ecclesiae
401 1439 435 1494 et
450 1439 569 1494 nostra
587 1448 690 1495 causa
706 1427 822 1498 doleo.
872 1424 987 1494 Valde
1004 1440 1039 1494 te
1053 1449 1136 1509 oro,
1161 1440 1201 1494 ut
1248 1427 1348 1510 larit,
1374 1427 1477 1513 duxi,
1503 1429 1547 1496 ad
1571 1442 1605 1496 re
1629 1428 1856 1497 scribendum
1881 1452 1972 1511 esse,
1998 1442 2037 1497 ul
2055 1428 2121 1498 tibi
2137 1427 2248 1517 signi-

202 1529 423 1618 respondeas.
484 1526 699 1618 Quanquam
722 1542 839 1596 autem
865 1549 993 1615 magno
1018 1527 1056 1595 in
1077 1528 1200 1595 dolore
1247 1528 1404 1612 bearem,
1437 1542 1471 1597 et
1493 1529 1606 1598 otium
1628 1529 1659 1596 ei
1684 1528 2150 1614 nuncesseetvoluutatem
2171 1527 2246 1596 eius

201 1644 236 1698 te
256 1652 328 1697 esse
353 1642 494 1719 propter
513 1629 673 1718 publicas
695 1642 729 1698 et
745 1629 901 1717 privatas
915 1629 1128 1698 calamitates
1142 1653 1200 1696 ar·
1246 1653 1321 1696 non
1336 1625 1560 1698 abhorrerea
1578 1643 1711 1699 vestrae
1728 1627 1905 1698 Ecclesiae
1918 1630 2191 1716 gubernatione,
2216 1627 2247 1694 si

199 1732 329 1814 bitror;
357 1744 474 1798 tamen
491 1730 535 1796 iis
552 1743 585 1798 te
602 1729 904 1798 consolationibus
921 1744 1085 1825 sustenta,
1110 1754 1199 1821 quiae
1245 1730 1358 1799 literis
1379 1731 1529 1801 Senatus
1552 1753 1675 1799 rursus
1698 1731 1882 1799 accersitus
1906 1730 2022 1799 suerit.
2073 1728 2170 1797 Haec
2187 1752 2247 1796 ex-

198 1830 294 1901 Deus
316 1829 494 1899 Ecclesiae
524 1853 606 1899 suae
635 1832 832 1922 proposuit.
889 1830 1055 1900 Feramus
1082 1832 1200 1919 igitur,
1245 1855 1377 1921 ponere
1400 1845 1433 1900 te
1455 1833 1499 1900 iis
1518 1832 1643 1916 velim,
1669 1831 1730 1923 qui
1748 1828 1981 1921 Reipublicae
1994 1845 2127 1901 vestrae
2144 1855 2246 1920 prae-

197 1947 239 2001 nt
253 1932 450 2017 Hieremias
465 1932 504 1998 in
522 1955 584 2000 sua
602 1931 772 2001 concione
786 1932 887 2020 legit,
914 1929 1041 2024 iugum
1056 1928 1143 2012 Dei,
1166 1945 1199 2000 et
1245 1945 1340 2002 sunt.
1389 1931 1437 2003 Et
1461 1957 1540 2001 cum
1564 1934 1674 2003 lucris
1696 1922 1952 2016 eoshortatus,
1978 1928 2251 2008 utlonamaca

198 2036 242 2102 ab
259 2059 300 2101 eo
316 2047 485 2122 petamus,
511 2046 545 2100 et
559 2046 779 2122 expectemus
795 2034 1050 2120 mitigationem
1067 2058 1199 2123 poena·
1245 2047 1401 2115 cersant,
1433 2034 1520 2126 quid
1543 2036 1722 2107 decretum
1750 2035 1813 2118 sit,
1847 2048 1880 2103 et
1895 2031 1988 2103 mihi
2002 2049 2036 2104 er
2050 2035 2117 2126 ipsi
2135 2032 2245 2123 signi-

198 2158 297 2217 rum,
330 2148 363 2202 et
385 2134 670 2213 meminerimus,
695 2134 805 2220 ipsius
832 2137 995 2203 mandata
1018 2158 1110 2217 esse,
1136 2159 1198 2225 pe·
1244 2135 1383 2204 limbis:
1412 2134 1503 2205 Nam
1516 2137 1609 2226 apud
1626 2138 1765 2204 eosdem
1785 2160 1926 2228 quoque
1943 2136 2138 2225 ingenium,
2163 2159 2246 2202 eru÷

199 2252 271 2306 tere
287 2246 318 2303 et
337 2248 515 2322 expectare
534 2234 778 2302 liberationem
794 2235 881 2303 etin
899 2235 975 2304 eius
992 2237 1198 2325 promissio·
1244 2236 1417 2306 ditionem
1445 2250 1478 2306 et
1504 2239 1670 2306 virtutem
1694 2252 1789 2306 tuam
1813 2237 2031 2328 praedicavi,
2065 2259 2103 2305 ac
2125 2236 2245 2305 literas

199 2340 305 2405 nibus
346 2336 583 2426 acquiescere,
634 2335 770 2404 etiamsi
812 2336 976 2406 liberatio
1023 2339 1197 2406 differtur.
1243 2338 1362 2407 mittes
1377 2339 1414 2406 in
1429 2331 1825 2429 oppidumNorllmsen
1841 2341 1885 2406 ad
1901 2335 2102 2421 Consulem,
2128 2336 2244 2404 virum

198 2437 395 2507 Renevale.
428 2434 594 2504 Calendis
610 2433 716 2504 lunii.
735 2432 961 2512 Northusae.
995 2438 1118 2508 Scribe
1134 2439 1197 2507 ubi
1243 2436 1504 2523 Clarissimum,
1535 2436 1732 2508 Dominum
1753 2432 1984 2508 Michaeam
2007 2432 2244 2527 Meienburg.

200 2540 270 2608 sint
286 2538 462 2631 principes
479 2534 635 2609 Ascanii.
667 2534 777 2610 1547.
1030 2585 1036 2598 -
1246 2539 1353 2609 Vides
1385 2555 1583 2632 temporum
1616 2541 1832 2611 varietatem.
1905 2524 2244 2635 †Quadam‘'''enim

957 2635 1023 2712 Pb.
1041 2638 1094 2712 M.
1244 2642 1391 2710 obscura
1407 2634 1633 2734 συμπνεύσει
1648 2637 1716 2710 hoc
1731 2654 1839 2730 agunt
1853 2631 2034 2731 pontifices
2049 2634 2113 2712 καὶ
2129 2637 2164 2710 οἱ
2183 2635 2243 2710 εὖ·
2331 2730 2341 2737 .

1243 2745 1379 2840 γενεῖς,
1415 2756 1456 2812 ut
1485 2743 1600 2812 lucem
1625 2768 1726 2812 verae
1746 2744 1929 2813 doctrinae
1957 2744 2181 2831 extinguant,
2209 2751 2244 2808 et

1245 2867 1308 2912 suo
1336 2844 1484 2913 arbitrio
1512 2844 1700 2933 religiones
1721 2845 2000 2914 accommodatas
2019 2844 2063 2911 ad
2084 2843 2242 2932 ipsorum

205 2967 403 3042 Nosala&
1076 2982 1107 3039 1,
1127 2969 1196 3034 Iun.
1245 2946 1437 3036 potentiam
1462 2961 1496 3014 et
1521 2947 1729 3037 cupiditates
1745 2944 1979 3033 constituant*
1998 2935 2069 3040 **).
2119 2940 2193 3015 Piis
2208 2954 2243 3037 et
2296 2959 2297 2962 ’

198 3065 407 3099 Μ’
668 3111 670 3114 ,
1057 3061 1196 3119 “f“
1244 3048 1375 3131 doctis,
1398 3061 1570 3138 quantum
1594 3050 1749 3115 modeste
1766 3049 1879 3115 lacere
1896 3069 2099 3136 possumus,
2124 3043 2241 3127 danda

517 3137 650 3222 Later.
676 3137 876 3223 Mollem.
1245 3161 1295 3216 est
1316 3173 1441 3238 opera,
1468 3164 1508 3218 ut
1526 3148 1694 3218 Doctores
1709 3149 1955 3237 praeficiantur
1970 3140 2137 3215 Ecclesiis
2152 3158 2243 3213 recte

347 3300 431 3374 Epist.
444 3299 490 3354 tib.
500 3297 532 3352 V.
554 3294 580 3372 pi
594 3300 646 3353 444
660 3318 718 3370 sqq.
1182 3345 1195 3353 N
1245 3252 1374 3317 eruditi
1397 3263 1431 3364 et
1453 3264 1602 3337 integra,
1628 3275 1667 3317 ac
1686 3271 1807 3365 spero,
1831 3245 1908 3317 Deo
1928 3259 2091 3364 ruvante,
2117 3245 2241 3314 lonam

1243 3364 1279 3420 et
1298 3347 1474 3419 Ecclesiae
1499 3363 1634 3419 vestrae
1653 3350 1778 3418 utilem
1799 3349 1891 3432 lore,
1917 3361 1951 3418 et
1971 3373 2083 3417 civem
2106 3349 2242 3417 bonum

443 3448 515 3522 La
527 3452 710 3522 urentia
735 3449 791 3521 M
799 3450 846 3522 ol
852 3450 868 3521 l
875 3475 951 3521 ero
1242 3453 1337 3536 fore,
1362 3447 1430 3520 hoc
1446 3466 1514 3534 est,
1536 3452 1684 3519 consilia
1699 3452 1744 3520 ad
1760 3450 1908 3519 salntem
1922 3446 2117 3540 Ecclesiae,
2143 3463 2176 3516 et
2192 3447 2244 3517 ci-

192 3578 223 3703 s
260 3599 293 3670 1)
356 3596 541 3687 Euripidis
568 3621 689 3665 versus
714 3613 795 3667 sun,
874 3623 1002 3667 uorum
1023 3596 1196 3668 sementia
1243 3552 1361 3620 vitatis
1384 3551 1675 3642 tranquillitatem
1699 3565 1731 3619 et
1750 3551 1975 3625 concordiam
1998 3543 2242 3619 accommoda-

192 3655 261 3772 vox
294 3654 344 3767 est
377 3697 599 3767 consentiens
631 3624 1050 3767 omnium'heinestorum
1080 3693 1197 3765 bomi-
1242 3665 1363 3720 turum
1387 3676 1477 3734 ‘me’
1509 3675 1664 3743 q¹¹⁰fflm
1683 3664 1875 3742 unumque
1897 3675 1975 3719 ‘¹¹¹¹‘
1993 3652 2244 3742 sempefalffiss

193 3828 295 3885 num,
323 3800 515 3892 etquidem
533 3821 729 3887 congruens
745 3823 825 3867 cum
843 3799 1024 3869 voluntate
1039 3796 1120 3871 Dei·
1190 3778 1192 3784 ’
1242 3763 1320 3868 tum
1334 3776 1416 3819 vero
1431 3746 1673 3868 bocatempore
1684 3752 1835 3819 maxime
1850 3752 2084 3868 necessarium
2100 3766 2163 3836 est,
2188 3752 2243 3820 vi.

235 3915 263 3978 εἰ
281 3910 328 3992 μὰ
349 3909 408 3994 γὰρ
431 3906 473 3972 ὢν
495 3907 665 3992 ἅνθρωπος
686 3904 858 3990 ἀνθρώπου
880 3905 987 3990 ²⁶2⁶&
1243 3852 1389 3935 delrcet,
1419 3868 1459 3971 ut
1482 3865 1527 3921 srt
1547 3846 1632 3921 haec
1656 3866 1748 3920 mela
1771 3854 1866 3921 bono
1893 3853 2029 3968 doctori
2051 3867 2244 3944 proposita,

198 3999 203 4006 ·
234 3991 439 4080 anwffaow,
461 3991 499 4057 od
521 3990 700 4079 ww„
722 4000 859 4077 φρονῶν,
1242 3967 1284 4024 ut
1306 3950 1464 4028 Ecclesra
1495 3966 1587 4024 recte
1612 3956 1798 4032 doceatur,
1837 3966 1870 4022 et
1892 3976 2023 4032 cirrum
2044 3953 2243 4022 voluntates

197 4098 204 4108 ·
239 4079 531 4162 (membomost'm,
554 4077 774 4140 misichonem
788 4077 1198 4141 bominumcalumitatem
1244 4054 1523 4145 0⁰¹¹l⁰ssg³sslllr2
1561 4055 1651 4124 3ἷοΰῖ
1672 4052 1774 4124 Pl³l⁰
1802 4053 1865 4125 ³5²²
1904 4046 2035 4144 νόμων
2056 4046 2242 4139 ὑπόθεσίν

236 4167 370 4232 Lenaee
381 4165 563 4242 studerem,
584 4183 628 4224 ne
642 4183 743 4226 sanus
755 4164 887 4245 quidem
900 4163 1027 4249 essem.)
1243 4171 1406 4249 oportere
1422 4181 1512 4242 esse,
1536 4170 1577 4226 ut
1592 4156 1686 4225 cives
1701 4156 1773 4224 sint
1786 4151 1925 4225 bonesti
1942 4171 1975 4226 et
1991 4154 2086 4225 inter
2103 4179 2141 4225 se
2154 4180 2242 4225 con-

194 4271 248 4344 lta
262 4294 358 4340 nunc
372 4269 524 4337 maxime
541 4267 642 4336 decet
657 4267 771 4336 bonos
786 4266 883 4336 viros
897 4267 936 4335 in
949 4263 1136 4351 Ecclesiis,
1162 4278 1197 4335 et
1243 4262 1376 4330 cordes.
1410 4255 1492 4351 περὶ
1508 4250 1714 4351 ζητήματος
1725 4257 1893 4347 respondi
1909 4257 1947 4324 in
1963 4258 2109 4348 pagella,
2134 4281 2241 4348 quam

193 4371 438 4444 misericordia
459 4368 601 4438 exulum
626 4366 745 4446 adfici,
777 4368 937 4438 etlenire
954 4392 1076 4437 eorum
1093 4392 1196 4438 aeru-
1242 4354 1349 4430 hodie
1370 4361 1536 4451 epistolae
1552 4352 1698 4432 inse'rui.
1747 4357 1845 4428 Bene
1858 4357 1947 4428 vale.
1997 4355 2165 4428 Calendis
2183 4356 2242 4429 lu-·

194 4494 306 4554 mnas,
332 4474 362 4542 si
377 4472 506 4562 quibus
521 4468 644 4539 officiis
659 4457 818 4561 possunt.
868 4469 921 4537 Ac
938 4482 1035 4538 tuam
1051 4470 1194 4563 quidem
1242 4462 1314 4546 nii,
1340 4462 1378 4534 iu
1394 4463 1524 4552 oppido
1539 4455 1743 4535 Northusen
1766 4457 1891 4535 1547,-

193 4578 361 4669 pietatem
386 4575 424 4640 in
448 4567 516 4641 boc
537 4594 668 4660 genere
690 4570 765 4661 ipse
786 4593 864 4639 sum
887 4583 1059 4662 expertus.
1111 4569 1194 4640 Fuit
1754 4557 1943 4650 Philippus
1964 4555 2190 4642 Melanthum

195 4679 290 4748 enim
306 4669 397 4744 mibi
413 4688 625 4765 pergratum,
648 4672 742 4764 quod
757 4696 836 4741 mco
852 4672 969 4740 dolori
985 4671 1097 4739 literis
1112 4695 1194 4741 sua-

193 4781 337 4863 yissime
359 4775 498 4867 scriptis
517 4773 653 4843 mederi
675 4774 860 4858 studuisti,
885 4772 1021 4865 tibique
1045 4774 1193 4862 gratiam

194 4877 327 4964 habeo,
354 4891 389 4946 et
402 4879 445 4945 de
459 4899 537 4945 meo
555 4875 659 4944 exilio
674 4875 824 4944 scribam
841 4875 938 4949 alias.
1011 4890 1017 4900 ⁸
1240 4900 1305 4974 No·
1328 4899 1439 4974 3394·
1871 4911 1903 4970 2·
1922 4900 1987 4965 lun.
2004 4902 2215 4984 (posthum.)

293 4972 399 5051 Nunc
420 4977 524 5046 amici
549 4999 604 5045 res
626 4975 800 5045 videndae
813 4988 915 5060 sunt,
937 4989 979 5047 ut
993 4975 1054 5047 ille
1067 4975 1107 5046 in
1121 4971 1193 5049 Co-
1246 4998 1457 5044 Μ
1664 5018 1667 5023 .
1859 4988 2236 5040 W

192 5083 332 5155 moedia
358 5080 483 5172 inquit.
534 5075 674 5147 Novisti
696 5076 814 5147 virum
830 5074 1093 5163 Clarissimum,
1116 5076 1194 5148 Do·
1606 5088 1669 5169 10·
1692 5117 1721 5168 a
1742 5084 1875 5198 Berg.

227 5307 257 5379 ὑ)
275 5305 408 5360 videlieet
421 5298 583 5357 Melantbon
597 5301 783 5369 constituerat,
804 5302 955 5358 Nortbneae
969 5323 1024 5358 non
1039 5306 1192 5373 subsistere,

262 5376 311 5431 sed
322 5375 350 5428 in
363 5373 492 5444 patriam,
510 5369 708 5452 Palatinaturn,
722 5371 801 5426 cuius
815 5391 914 5456 magno
930 5373 1065 5428 desiderio
1078 5377 1191 5431 teneba-
1462 5414 1479 5429 ..
1570 5411 1584 5443 1.
1599 5411 1616 5426 ..

261 5456 325 5511 tue,
348 5439 530 5496 reconferre.
575 5438 688 5493 notula
707 5449 795 5493 autem
814 5439 866 5494 boe
886 5453 938 5495 ater
958 5452 1078 5498 retentus
1096 5463 1191 5501 amore
1271 5418 1300 5486 *l
1320 5416 1480 5470 camum
1492 5413 1626 5467 M³⁰'¹¹¹¹'

258 5513 435 5583 collegarum.
471 5508 532 5562 vid.
548 5505 625 5580 epist.
639 5506 673 5561 ad
686 5506 842 5564 Sidemenn·
855 5511 883 5565 d.
896 5511 923 5566 d.
936 5510 962 5570 6.
975 5511 1037 5569 lun.
1271 5507 1321 5576 fi)
1341 5503 1423 5557 addit
1440 5502 1473 5555 A.
1487 5500 1523 5554 Ι).

209 2846 737 2863 mua—m

1307 5259 1327 5321 ’ς
1346 5254 1383 5306 Er
1394 5249 1548 5325 apographo
1561 5248 1589 5302 in
1602 5250 1663 5303 cod.
1673 5247 1755 5302 Goth.
1771 5248 1830 5301 191.
1844 5266 1872 5319 p.
1881 5247 1924 5301 44.
1937 5260 1963 5302 et
1976 5247 2040 5304 cod.
2052 5248 2138 5324 lang.
2151 5251 2237 5324 μω).
