4882 6436
124 334 197 416 ros
708 300 1156 411 suaromton
1209 299 1390 410 ulra.
1445 290 1581 410 rste}
2104 343 2179 415 170

1200 474 1215 543 v

127 526 162 582 et
175 496 322 601 propter
336 509 450 579 filium
471 486 594 590 tuut'n,
617 506 815 580 Dominum
830 510 992 579 nostrum
1006 502 1125 575 lesum
1179 500 1332 575 loleba't
1352 504 1448 574 enim
1467 491 1646 577 liutherus
1669 531 1744 578 non
1760 506 1918 587 detinere
1943 500 1981 582 in
1998 514 2070 583 suis
2086 514 2176 585 scri-

127 609 328 695 Christum,
363 613 569 681 crucifixum
595 612 786 702 pronubis
811 624 845 681 et
868 607 1127 692 resuscitatum,
1176 606 1268 699 ptis,
1302 608 1362 676 sed
1397 607 1441 676 ad
1474 606 1590 679 fontes
1623 611 1796 682 deducere
1834 615 1995 685 omniunt
2028 620 2176 693 mentes.

125 710 281 808 μεσίτην
299 708 363 784 καὶ
382 710 523 806 ἱκέτην,
551 727 673 783 nostra
689 725 832 804 pectora
849 711 988 804 Spiritu
1004 722 1125 792 sancto
1178 706 1296 801 lpsam
1312 733 1434 778 vocem
1452 708 1520 779 Dei
1536 711 1659 782 audire
1675 737 1741 782 nos
1756 716 1889 801 voluit,
1917 712 1982 785 bac
1998 718 2112 788 voluit
2135 717 2175 786 in

93 842 110 877 s
124 839 243 907 regas,
267 831 307 884 ut
323 829 451 884 terere
469 818 692 895 invocemus,
717 829 750 886 et
766 815 880 884 officia
895 815 964 884 tibi
978 813 1125 906 placen·
1176 811 1298 882 multis
1319 811 1464 880 accendi
1485 836 1604 882 veram
1625 815 1731 884 fidem
1756 829 1790 886 et
1811 817 2096 903 invocationem,
2132 830 2174 890 ut

124 921 173 989 tia
197 931 427 1008 praestemus.
478 915 576 1007 Rege
598 917 703 985 etiam
726 917 842 987 studia
865 915 1066 998 doctrinae,
1093 926 1126 984 et
1176 911 1273 982 Deus
1297 937 1380 983 vere
1406 914 1663 1001 celebraretur,
1690 931 1724 988 et
1745 920 1851 989 multi
1866 921 1989 991 fierent
2006 916 2174 991 haeredes

125 1022 282 1112 guberna
306 1043 347 1109 ac
371 1042 471 1088 serva
496 1013 560 1087 has
589 1018 732 1107 politias
762 1032 795 1088 ct
818 1042 941 1089 earum
966 1015 1126 1106 discipli·
1176 1015 1270 1084 vitae
1296 1029 1470 1089 aeternae.
1527 1014 1632 1087 Hanc
1653 1021 1877 1092 voluntatem
1909 1017 2032 1092 ethos
2057 1037 2173 1092 tantos

125 1145 228 1202 nam,
256 1110 345 1213 quae
370 1134 452 1189 sunt
469 1115 629 1211 hospicia
645 1133 726 1190 tuae
744 1117 923 1190 Ecclesiae
938 1131 972 1189 et
988 1118 1127 1188 studio-
1175 1116 1313 1186 labores
1338 1128 1371 1186 et
1392 1131 1488 1206 grata
1505 1134 1623 1191 mente
1637 1122 1839 1212 praedicare
1854 1126 1969 1209 decet,
1995 1138 2029 1194 et
2054 1148 2172 1193 exem·

91 1251 97 1260 ’
125 1247 217 1294 rum.
275 1219 366 1291 Cum
388 1223 469 1291 ideo
488 1217 536 1313 ²⁷)
560 1244 670 1310 genus
694 1216 892 1291 humanum
909 1220 1125 1304 condideris,
1175 1219 1225 1310 pli
1245 1242 1347 1287 rausa
1371 1221 1592 1306 meminisse,
1616 1235 1655 1291 ut
1673 1247 1739 1292 nos
1753 1250 1894 1318 quoque
1909 1251 1974 1319 pro
1990 1249 2054 1295 suo
2073 1226 2172 1318 quis-

124 1341 164 1396 ut
186 1325 231 1394 ab
247 1320 454 1394 bominibus
469 1324 669 1413 agnoscaris
685 1337 719 1393 et
734 1325 932 1408 invocetis,
956 1345 1065 1416 quare
1091 1335 1126 1392 et
1175 1346 1244 1413 que
1261 1323 1368 1389 modo
1384 1345 1511 1391 ornare
1522 1319 1716 1394 Ecclesiam
1737 1329 1886 1399 studeat.
1936 1326 2027 1397 Nam
2043 1330 2089 1397 ad
2106 1323 2172 1397 hos

125 1426 325 1496 illustribus
340 1426 552 1494 testimoniis
573 1438 607 1494 te
621 1425 832 1515 patefecisti,
858 1450 933 1494 non
950 1425 1044 1493 siuas
1062 1424 1125 1492 de·
1175 1425 1264 1492 duos
1287 1423 1374 1491 fines
1396 1425 1585 1515 praecipue
1607 1438 1680 1494 tota
1696 1428 1783 1512 vita,
1807 1442 1840 1498 et
1855 1432 1975 1497 omnia
1991 1430 2083 1498 vitae
2095 1443 2172 1499 stu·

124 1529 192 1599 leri
212 1523 298 1596 haec
321 1529 479 1615 agmina,
514 1528 553 1594 in
577 1527 709 1618 quibus
730 1527 893 1596 doctrina
922 1541 982 1597 tua
1011 1537 1124 1598 sonat.
1174 1525 1233 1592 dia
1259 1540 1292 1595 et
1313 1525 1460 1593 consilia
1485 1525 1668 1596 referenda
1701 1544 1802 1613 sunt,
1835 1531 2009 1619 primum,
2041 1544 2084 1601 ut
2101 1529 2171 1600 Dei
2219 1520 2222 1527 ¹

124 1629 287 1721 Cumque
307 1629 402 1697 filius
417 1643 499 1699 tuus
516 1626 693 1697 Dominus
711 1641 834 1698 noster
850 1626 946 1699 lesus
961 1621 1126 1696 Christus
1174 1627 1323 1714 gloriam
1347 1625 1582 1708 illustremus,
1625 1629 1791 1712 deinde‚,
1806 1645 1847 1700 ut
1876 1628 2055 1701 Ecclesiae
2085 1657 2171 1722 pro·

123 1735 443 1818 aditurnsagonem
460 1754 565 1800 suum
583 1742 744 1819 precatus
761 1730 807 1799 sit
823 1753 889 1820 pro
908 1729 1028 1819 nobis:
1054 1725 1124 1796 Pa·
1173 1728 1294 1797 simus.
1352 1724 1406 1795 De
1427 1753 1580 1818 quorum
1605 1730 1716 1799 altero
1739 1731 1827 1801 dicit
1848 1731 2001 1814 Paulus,
2033 1732 2170 1804 Omnia

122 1848 188 1919 ter,
209 1834 384 1901 sanctifica
402 1854 461 1903 eos
484 1833 523 1899 in
539 1831 699 1916 veritate,
726 1855 841 1901 sermo
856 1846 938 1902 tuus
961 1843 1012 1899 est
1028 1829 1123 1898 veri·
1173 1831 1216 1897 ad
1237 1825 1472 1926 gloriampDei
1489 1831 1602 1901 fricite.
1637 1829 1692 1900 De
1709 1832 1819 1902 altero
1835 1831 1996 1905 Psalmus
2010 1831 2171 1920 CXXll,

123 1951 195 2016 tas,
222 1937 265 2002 ad
283 1930 389 2002 huius
405 1934 519 2003 nostri
530 1931 730 2003 Sacerdotis
742 1933 983 2025 precationem
1000 1944 1120 2001 nostra
1172 1928 1413 2025 Rogatequae
1435 1933 1479 1999 ad
1503 1956 1625 2021 pacem
1646 1931 1948 2010 suntlerusalem.
1998 1932 2047 2005 Et
2067 1937 2170 2005 addi-

123 2051 207 2107 vota
229 2036 474 2125 adiungimus,
508 2049 541 2105 et
570 2035 721 2125 petimus
749 2059 821 2104 una
846 2059 926 2104 cum
951 2035 1048 2126 ipso,
1084 2044 1124 2102 ut
1174 2045 1233 2101 tur
1265 2031 1467 2099 dulcissima
1503 2034 1697 2123 promissio·
1724 2037 1760 2103 in
1783 2039 1907 2106 eodem
1930 2046 2054 2122 versu,
2085 2034 2171 2123 Eos,

125 2155 187 2210 tua
210 2138 371 2206 doctrina
393 2160 530 2227 semper
548 2136 662 2206 luceat
687 2136 724 2204 in
741 2159 868 2225 genere
882 2131 1060 2214 humano,
1088 2146 1123 2204 et
1174 2133 1237 2225 qui
1271 2133 1426 2221 diligunt
1457 2129 1670 2221 Ecclesiam,
1712 2137 1831 2207 felices
1860 2152 1896 2208 et
1926 2140 2048 2209 beatos
2079 2140 2169 2213 lore.

127 2263 194 2309 nos
212 2241 395 2328 gubernet.
1131 2233 1135 2239 “
1171 2231 1267 2303 Haec
1289 2232 1451 2304 coelestia
1472 2239 1639 2306 mandata
1662 2250 1697 2307 et
1715 2232 1782 2307 hae
1805 2240 2057 2331 promissiones
2072 2240 2169 2309 invi-

224 2339 321 2409 Haec
339 2341 498 2434 quotidie
513 2352 715 2431 precantem
731 2352 766 2409 et
780 2333 980 2408 Lutherum
999 2335 1121 2405 audie·
1171 2350 1246 2406 tent
1262 2359 1404 2419 omnes,
1431 2350 1471 2406 ut
1486 2334 1665 2408 Ecclesiae
1680 2341 1881 2410 doctrinam
1905 2355 1998 2413 recte
2019 2343 2170 2422 discant,

124 2445 268 2526 bamus,
294 2455 329 2512 et
351 2443 443 2511 inter
467 2437 552 2511 haec
577 2455 657 2511 vota
682 2441 800 2510 anima
821 2439 897 2508 eius
919 2463 960 2508 ex
978 2437 1121 2507 mortali
1171 2451 1290 2506 ament
1310 2436 1491 2508 ministros
1512 2436 1719 2531 Evangelii,
1746 2455 1779 2512 et
1802 2443 1972 2513 salutares
1996 2445 2170 2529 doctores,

124 2568 272 2636 corpore
295 2543 431 2634 placide
451 2555 593 2614 evocata
618 2556 688 2627 est,
719 2565 801 2611 cum
825 2541 896 2610 iam
918 2552 1036 2630 ageret
1056 2558 1121 2609 an·
1171 2553 1206 2608 et
1220 2541 1403 2609 conferant
1420 2540 1576 2611 studium
1594 2556 1627 2613 et
1642 2567 1789 2635 operam
1810 2546 1855 2614 ad
1871 2568 1973 2615 verae
1987 2544 2169 2615 doctrinae

125 2670 212 2716 num
227 2646 478 2733 sexagesimum
495 2645 650 2714 tertium.
1170 2641 1460 2733 propagationem
1484 2646 1584 2712 etad
1608 2668 1712 2714 verae
1736 2641 1914 2715 Ecclesiae
1942 2646 2169 2716 concordiam

224 2745 343 2815 Habet
361 2747 547 2838 posteritas
564 2747 675 2814 multa
692 2753 922 2813 monumenta
941 2742 1121 2812 etdoctri-
1170 2744 1347 2813 tuendam.
1400 2741 1498 2813 Bene
1529 2745 1607 2815 vale
1634 2743 1780 2831 Lector,
1813 2747 2068 2838 Witebcrgac,
2098 2744 2169 2817 Ca·

124 2872 191 2918 nae
208 2861 242 2918 et
259 2848 397 2940 pietatis
412 2848 532 2938 ipsius.
574 2843 701 2915 Edidit
716 2846 845 2936 scripta
863 2834 1120 2924 διδασκαλικοὶ,
1171 2844 1285 2913 lendis
1307 2843 1422 2930 lunii,

124 2951 163 3020 in
188 2951 318 3044 quibus
340 2951 538 3018 doctrinam
565 2948 769 3038 complexus
795 2960 846 3016 est
870 2943 1059 3013 salutarem
1085 2958 1121 3014 et
1299 2975 1302 2980 ·
1478 2940 1865 3025 AnnoM.D.xLV1.

123 3050 356 3122 necessariam
372 3046 598 3133 hominibus,
624 3048 843 3117 erudientem
860 3048 973 3115 bonas
986 3058 1121 3116 mentes

124 3157 170 3224 de
195 3153 432 3246 poenitentia,
460 3153 546 3231 lide,
579 3163 614 3219 et
638 3150 731 3218 veris
756 3149 930 3218 fructibus
954 3148 1054 3233 fidei,
1077 3139 1122 3216 de

33 3311 41 3327 .
126 3279 194 3326 usu
208 3267 527 3339 sacramentorum,
550 3253 594 3320 de
611 3251 816 3319 discrimine
832 3247 936 3341 Legis
953 3262 987 3317 et
999 3246 1121 3319 Evan-

125 3356 228 3449 gelii,
248 3359 292 3425 de
309 3354 512 3424 discrimine
528 3349 717 3442 Evangelii
734 3367 767 3424 et
780 3345 1053 3440 Philosophiae,
1076 3352 1121 3420 de
1171 3346 1237 3419 No.
1253 3342 1367 3420 3479.
2048 3369 2082 3430 3,
2097 3357 2168 3424 hm.

125 3458 297 3549 dignitate
316 3456 454 3547 politici
476 3454 630 3538 ordinis,
663 3455 818 3547 denique
849 3455 892 3522 de
924 3453 1121 3544 praecipuis
1177 3443 1349 3472 ’Ν
1581 3536 1588 3551 ι
1647 3494 1651 3503 -
2032 3457 2168 3484 Μ

122 3559 284 3630 articulis
307 3557 506 3641 doctrinae,
537 3581 641 3648 quam
674 3558 713 3624 in
736 3553 895 3625 Ecclesia
918 3567 1033 3623 extare
1057 3579 1122 3622 ne-
1428 3525 1613 3643 Georglo
1641 3530 1900 3619 AndaltinO.

123 3673 297 3732 cesseest.
356 3655 496 3726 Deinde
523 3651 892 3755 addidite‘leyarraol,
927 3655 1121 3748 inquibus
1238 3683 1324 3757 [PM
1342 3684 1435 3740 Μ,
1451 3705 1478 3757 p.
1492 3686 1552 3739 204,
1573 3687 1647 3753 (edu.
1661 3689 1754 3741 Lond.
1772 3689 1821 3743 gg,
1837 3689 1871 3744 11.
1890 3709 1933 3761 ep.
1948 3689 2029 3761 195„

123 3761 293 3832 refutavit
324 3760 455 3828 multos
486 3781 622 3827 errores
653 3759 869 3850 perniciosos
901 3752 1122 3831 hominibus.
1375 3839 1377 3843 Α

122 3861 251 3934 Edidit
277 3854 490 3956 ἐξηγητικὰ,
523 3860 560 3927 id
583 3873 651 3946 est,
684 3861 926 3930 enarrationes
950 3859 1123 3950 plurimas
1310 3840 1363 3913 D·
1391 3839 1596 3938 Georgl'o
1622 3839 1793 3943 Ρϊῖηθῐρῖ
1818 3845 1858 3915 1⁰1²
1884 3841 2032 3917 Anhall

121 3968 164 4036 in
179 3958 391 4055 Proplretira
406 3975 439 4032 et
453 3960 658 4052 Apostolica
676 3964 824 4054 scripta,
848 3987 919 4054 quo
939 3960 979 4029 in
994 3985 1122 4051 genere
1170 3955 1217 4046 S,
1243 3975 1288 4048 D,
1342 3976 1585 4048 Illuscrissime
1608 3977 1778 4071 Princeps
1798 3994 1832 4050 et
1857 3979 2168 4055 Reflverendissime

123 4067 228 4139 etiam
246 4064 382 4134 inimici
397 4065 554 4134 latentur
568 4088 649 4133 eum
667 4087 832 4156 superare
841 4063 1003 4133 omnium
1019 4086 1123 4132 enar·
1170 4076 1343 4164 Domine,
1369 4079 1439 4149 Fui
1461 4081 1672 4173 aliquandiu
1686 4096 1876 4173 occupatus
1900 4086 2085 4157 scribenda
2110 4111 2168 4156 re.

122 4170 300 4250 ratione's,
324 4190 413 4259 quae
437 4177 568 4237 extant.
619 4164 716 4235 Haec
737 4166 861 4235 merita
885 4188 958 4234 esse
980 4188 1122 4255 magna,
1171 4182 1351 4251 efflatione
1383 4183 1510 4275 synodi
1531 4176 1842 4280 Tridentinmff,
1883 4187 1927 4254 de
1952 4212 2020 4279 qua
2048 4203 2167 4258 tamen

124 4294 247 4341 omncs
262 4269 341 4360 piae
358 4280 492 4337 mentes
514 4266 732 4355 intelligunt·
784 4266 853 4338 Sed
871 4267 1028 4358 profem
1048 4268 1122 4337 uti·
1172 4306 1245 4350 non
1262 4284 1375 4352 multa
1391 4285 1484 4368 dixi,
1509 4286 1570 4352 sed
1588 4307 1709 4353 causas
1724 4285 1885 4370 recitavi,
1913 4311 2020 4381 quare
2044 4313 2169 4359 omnes

123 4372 223 4442 litate
254 4385 287 4440 et
314 4369 434 4437 labore
461 4379 587 4458 aequat
610 4361 695 4436 haec
720 4392 846 4458 opera,
874 4368 1120 4458 interpretatio
1171 4377 1322 4454 debeant
1346 4385 1512 4475 amplecti
1533 4381 1600 4455 hoc
1623 4387 1804 4456 doctrinae
1829 4411 1940 4476 genus
1961 4393 2056 4482 quod
2082 4414 2168 4481 pm.

122 4476 252 4543 veierls
275 4485 310 4542 el
335 4470 419 4538 novi
435 4467 673 4552 Testamenll,
701 4468 739 4536 ln
763 4491 832 4562 qua
855 4481 950 4537 lania
973 4483 1025 4537 esi
1040 4493 1121 4578 pltr-
1171 4485 1322 4557 fitentur,
1356 4486 1459 4575 'Ideo
1479 4487 1648 4556 iusseram
1665 4491 1842 4579 quendam
1869 4514 1987 4558 meum
2012 4493 2166 4561 amicum

123 4577 309 4666 spicultaS,
341 4584 381 4641 tlt
409 4571 484 4639 Vlce
516 4571 763 4640 Commellidrll
796 4593 868 4638 esse
901 4570 1013 4661 POSSli
1038 4570 1122 4661 *ipsa
1171 4611 1383 4676 componere
1403 4589 1600 4658 mastonem
1621 4589 1834 4673 mittendam
1860 4587 1960 4664 (LV,
2012 4593 2081 4664 Sed
2107 4595 2169 4662 ille

122 4677 320 4767 germanica
337 4673 462 4756 Ιθῦὶῑθ,
497 4670 600 4759 Quae
623 4686 740 4742 lamen
758 4696 832 4740 ¹10ss
849 4685 899 4741 ²⁵¹
917 4674 1029 4757 nuda,
1059 4673 1120 4741 Sed
1170 4688 1277 4755 nimis
1295 4689 1437 4780 longam
1455 4692 1652 4780 scripserat.
1691 4690 1826 4783 Scripsi
1842 4690 1950 4781 igitur
1964 4694 2068 4763 aliam
2085 4697 2169 4764 bre-

120 4777 229 4850 babet
244 4777 427 4847 adiunctas
446 4774 700 4843 eruditissimas
715 4774 979 4857 annotationes,
996 4787 1030 4843 et
1045 4773 1120 4842 sin·
1170 4815 1266 4873 vem,
1297 4805 1350 4874 er,
1381 4806 1421 4862 ut
1446 4815 1508 4881 ego
1536 4792 1675 4871 iudico,
1710 4795 1978 4863 convenientem
2003 4796 2058 4864 illi
2081 4822 2168 4865 con.

122 4881 299 4972 sulssriuffl
323 4876 479 4968 pallium
502 4890 728 4965 argumenta,
762 4898 852 4970 quae
879 4889 915 4944 θῑ
945 4897 1120 4944 Summam
1170 4891 1321 4980 gressui,
1348 4892 1386 4959 in
1411 4891 1546 4985 quo'C.
1563 4891 1606 4960 V.
1627 4894 1763 4965 dictura
1788 4888 1921 4987 δι”).
1974 4895 2043 4966 Sed
2068 4898 2165 4966 iudi-

122 4984 305 5053 thClrlnae
320 4977 478 5047 coeleslls
494 4992 714 5065 monstrant,
739 4991 773 5047 fil
787 4980 969 5066 degenere
985 5000 1120 5053 sermo·
1170 4991 1264 5060 cium
1289 4994 1333 5061 de
1357 5018 1396 5063 ea
1413 4992 1453 5064 C,
1469 4992 1514 5065 V,
1542 4996 1722 5086 permitto,
1780 4992 1910 5066 Officia
1929 5020 2013 5066 vero
2033 5023 2111 5068 mea
2131 5015 2169 5071 et

122 5084 180 5154 nis
200 5082 370 5154 erudiunt
391 5079 577 5162 lectorem,
602 5094 642 5150 ut
665 5105 707 5150 ex
729 5079 815 5172 ipsis
828 5079 988 5148 fontibus
1004 5078 1119 5148 bonae

121 5198 257 5256 mentes
279 5183 379 5251 firma
397 5181 596 5252 testimonia
614 5182 799 5253 doctrinae
814 5204 954 5250 sumere
970 5180 1119 5273 possint.

1203 5276 1231 5347 ⁴t)
1249 5275 1296 5330 Est
1309 5276 1442 5347 seriptum
1455 5272 1566 5346 publice
1578 5249 1701 5333 'editums
1730 5275 1859 5349 „Causae
1880 5297 1964 5348 quare
1983 5289 2009 5336 et
2029 5299 2072 5335 am
2095 5282 2168 5337 lesae

1240 5346 1294 5400 sint
1307 5357 1333 5400 et
1346 5347 1517 5403 retinendam
1531 5345 1633 5400 ducant
1646 5348 1825 5404 doetrinam''
1843 5359 1913 5420 eto,
1936 5367 2019 5421 quam
2042 5351 2059 5404 d
2095 5351 2170 5406 imus

1239 5414 1268 5466 in
1283 5413 1359 5467 libris
1378 5413 1571 5467 Melanthonis.

152 5517 200 5586 27)
217 5516 294 5577 ideo]
311 5511 390 5571 Decl.
404 5513 498 5579 igitur.
1204 5498 1250 5572 ”l
1269 5499 1332 5556 vid.
1351 5517 1411 5556 um
1426 5498 1500 5554 infra
1519 5499 1549 5554 d.
1568 5496 1611 5559 18.
1631 5498 1697 5557 oet.
