4882 6436
81 288 175 364 265:

665 275 1104 372 urrsrotanuu
1163 291 1341 376 mnx.
1396 299 1544 380 rste..
1967 403 1970 409 ὓ
2040 300 2117 374 eso

88 480 133 545 ad
156 475 374 550 Danubium.
433 473 502 551 Sed
532 469 704 571 singulari
730 491 803 550 arte
829 480 932 550 civile
957 478 1078 548 incen-
1129 477 1159 545 si
1173 501 1277 571 quam
1291 470 1432 546 scholae
1448 477 1610 547 umbram
1626 471 1758 549 habere
1783 492 1951 579 poterunt
1967 473 2023 574 ³),
2047 472 2113 550 hac
2179 551 2181 556 ἢ

90 580 188 648 dium
205 581 248 648 ad
265 577 389 649 Albim
410 583 597 654 excitatum
620 597 690 662 est,
717 584 812 675 quod
830 580 926 653 Deus
949 582 1078 651 restiu-
1129 574 1253 672 hyeme
1278 601 1402 668 operas
1424 574 1665 663 scholasticas,
1691 576 1769 649 Deo
1793 581 1957 663 iuvante,
1985 577 2114 647 facturi

88 693 183 774 guat.
233 678 331 750 Haec
355 705 436 750 curn
468 685 678 768 scriberem,
710 680 862 777 Cygnea
891 682 1077 752 obsidione
1127 694 1220 750 sunt.
1278 675 1480 772 Oremus⁴)
1500 692 1616 750 autem
1638 677 1753 750 Deum
1781 682 1987 753 ardentibus
2010 678 2113 761 votis,

89 783 304 857 cinctacrat.
355 781 440 852 ldeo
456 781 700 870 scholasticos,
726 786 789 878 qui
802 785 932 877 reliqui
955 783 1075 850 adlue-
1126 795 1167 851 ut
1186 782 1281 871 piam
1302 783 1335 850 et
1357 781 1545 850 salutarem
1568 805 1689 873 pacem
1710 785 1883 858 restituat.
1942 779 2053 851 Datae
2077 778 2114 848 6.

89 897 193 969 runt,
220 883 443 953 dimittimus.
493 884 858 956 Proficisciturautem
881 886 923 954 ad
940 907 1002 952 vos
1019 877 1077 950 hic
1126 879 1299 953 Novemb.
1320 877 1560 954 Ann01546.

90 985 262 1075 Magister
276 978 421 1054 Paulus
435 978 594 1056 Creneus
611 986 798 1081 illyricus,
829 989 884 1054 vir
907 980 1077 1054 honestus

90 1101 126 1158 et
144 1086 323 1171 eruditus,
348 1109 388 1155 ac
410 1089 453 1155 ad
470 1090 670 1158 docendum
685 1091 846 1160 idoneus.
897 1086 1023 1177 Sperat
1037 1085 1075 1152 in

90 1187 302 1258 Academiae
318 1203 453 1257 vestrae
469 1189 666 1282 frequentia
688 1191 920 1260 inventurum
944 1211 981 1256 se
1005 1209 1077 1254 esse

90 1291 248 1383 aliquos,
280 1315 432 1383 quorum
455 1292 584 1361 formet
603 1292 774 1380 ingenia.v
812 1287 865 1359 Ea
896 1290 934 1357 in
969 1311 1007 1356 re
1037 1299 1078 1356 ut

89 1392 206 1482 ipsum
223 1393 386 1475 adiuves,
412 1405 445 1461 te
461 1393 566 1461 etiam
582 1405 687 1484 atque
702 1393 806 1462 etiam
823 1415 898 1462 oro.
947 1387 1078 1458 Lenia-

91 1517 170 1561 mus
194 1505 316 1562 nostro
341 1494 454 1582 gregi,
487 1494 581 1562 inter
601 1507 717 1563 tantos
743 1493 917 1562 tumultus
938 1488 1078 1559 Princi-

90 1617 196 1683 pum,
232 1618 417 1663 aerumnas
439 1608 473 1663 et
497 1596 655 1678 dolores,
678 1607 859 1685 ‚quantum
881 1614 1078 1682 possumus,

91 1697 186 1786 quod
216 1695 371 1763 officium
402 1709 436 1765 et
459 1696 536 1766 Deo
565 1709 701 1785 gratum
734 1708 802 1778 est,
843 1707 877 1763 et
899 1690 1077 1761 Ecclesiae

1127 1289 1197 1363 uo.
1221 1290 1335 1364 sooo.
1405 1247 1412 1253 ⁵

1131 1386 1343 1424 Μ

1988 1300 2019 1361 8.
2037 1291 2115 1354 Nor.

1986 1384 2115 1410 Μ

1335 1492 1579 1577 Marcellus
1610 1489 1672 1574 od
1706 1490 1925 1602 Longum.

1194 1668 1214 1729 †
1234 1665 1270 1718 Er
1282 1684 1377 1738 apogr.
1390 1666 1419 1719 iu
1432 1666 1494 1721 cod.
1507 1665 1590 1720 Goth.
1604 1664 1666 1721 899.
1684 1683 1712 1737 p.
1729 1664 1776 1719 tut
1786 1665 1812 1720 b,

90 1797 189 1867 utile.
255 1793 332 1865 Etsi
358 1797 453 1864 euim
476 1820 572 1866 nunc
596 1797 724 1864 exarsit
747 1795 902 1877 bellum,
933 1807 974 1862 ut
996 1805 1078 1861 sunt
1126 1813 1337 1890 Iohanni
1361 1815 1549 1916 hungo,
1572 1818 1727 1893 dodon·
1750 1818 1900 1907 Theop„
1933 1831 1965 1890 ep
1983 1820 2118 1915 guber,

90 1897 214 1966 fatales
245 1921 396 1987 poenae:
436 1910 554 1966 tamen
584 1893 821 1965 Ecclesiarum
854 1895 1077 1964 concordiam

12 2003 15 2015 '
92 2022 235 2066 manere
253 2000 411 2089 prodest,
438 1994 572 2067 e'thaec
594 1998 778 2090 aliquanto
803 2009 881 2087 post
904 1997 1079 2065 conducet

92 2100 137 2167 ad
161 2100 415 2171 restituendam
441 2123 573 2188 pacem.
632 2096 728 2166 Bene
754 2100 859 2188 vale,
874 2093 1078 2165 charissime

89 2195 367 2291 Christophore.
406 2196 474 2269 Die
489 2201 524 2273 6.
541 2199 766 2270 Novembris.

588 2313 778 2409 Philippus
802 2310 1029 2385 Melanthon.

100 2643 169 2712 No.
186 2640 311 2715 3599a

95 2745 306 2783 Μ

920 2652 926 2660 “
939 2662 973 2721 6.
987 2651 1067 2716 Nor.

468 2827 707 2914 Studiosis

160 3004 301 3061 Edituma
322 3006 456 3062 Sauberto
474 3010 501 3062 in
517 3009 675 3079 Appendice
695 3009 741 3063 lib.
756 3009 804 3063 lV.
824 2964 930 3080 epistol.
949 3028 975 3080 p.
990 3009 1034 3065 ΞΒ.
1054 3020 1081 3065 et

191 3076 220 3128 iu
233 3075 345 3148 Scriptis
357 3077 459 3148 public.
474 3076 600 3132 Witteb.
620 3079 652 3131 T.
666 3078 687 3131 l.
702 3098 731 3150 p.
748 3079 804 3132 183.

126 3225 261 3302 Rector
281 3228 502 3305 Academiae
527 3225 563 3304 C
568 3257 768 3330 asperus
792 3223 1037 3329 Crueiger,

429 3332 469 3409 S.
483 3329 615 3409 Theoi.
631 3332 742 3436 Dect.

95 3453 284 3562 Cygnem
299 3470 424 3537 urbem
439 3465 643 3553 honestam,
670 3485 704 3541 et
721 3474 899 3542 custodem
921 3473 1079 3563 discipli-

92 3595 158 3637 nae
173 3593 346 3651 severam,
372 3583 406 3639 ct
422 3572 525 3639 nobis
539 3574 706 3656 amicam,
727 3574 912 3642 obsidione
929 3576 1077 3643 cinctam

92 3694 184 3753 esse,
211 3683 346 3739 certum
361 3683 427 3754 est;
455 3675 590 3762 quaesi
613 3674 720 3742 fuerit
748 3674 866 3744 dedita
890 3689 950 3744 aut
975 3700 1079 3744 occu-

89 3787 187 3862 pata,
215 3770 386 3839 exereitus
410 3767 548 3842 hostilis
571 3769 640 3843 huc
662 3777 867 3845 adducetur.
917 3773 993 3849 Etsi
1016 3800 1080 3845 au-

92 3888 162 3943 tem
181 3895 383 3963 speramus⁷
405 3869 520 3944 Deum
534 3876 779 3964 mitigaturum
804 3900 877 3946 esse
901 3872 966 3946 has
986 3877 1091 3945 cala-⁷

92 3976 244 4057 mitates,
280 3987 415 4057 tamen,
449 4000 528 4044 cum
562 3973 620 4045 hic
646 3991 761 4046 metus
794 3979 839 4047 sit
864 3979 1079 4070 obsidionis,

89 4077 213 4146 utilius
245 4087 297 4143 est
327 4089 466 4145 tenerae
496 4078 622 4161 aetati,
663 4073 749 4146 hinc
784 4081 903 4148 abesse
935 4093 1080 4172 propter

91 4178 199 4246 multa
215 4176 388 4266 pericula,
415 4190 449 4244 et
464 4179 580 4245 varios
597 4179 823 4248 obsidionum
841 4196 996 4253 eventus.
1030 4179 1080 4250 Et

91 4277 333 4347 lllustrissimo
356 4274 516 4364 Principi
541 4275 695 4345 Electori
725 4281 775 4347 sic
801 4283 917 4350 risum
942 4296 994 4352 est
1022 4283 1077 4349 di·

88 4381 300 4448 mittendum
318 4391 455 4445 curtum
474 4373 732 4449 scholasticum.
783 4380 995 4469 flrranquam
1012 4383 1078 4469 igi-

87 4496 149 4550 tur
170 4483 364 4548 dolendum
388 4492 456 4561 est,
490 4478 651 4569 dissipari
676 4476 767 4549 hunc
787 4477 963 4566 scholam,
988 4507 1077 4574 quae

89 4579 215 4651 harum
240 4581 423 4670 regionum
445 4577 621 4649 Ecclesias
635 4575 668 4668 ¹)
696 4583 752 4671 pie
774 4579 922 4672 erudiit,
958 4596 1075 4652 tamen

88 4684 284 4753 necessitati
302 4705 497 4770 pareamus.
550 4680 602 4751 Ac
618 4682 771 4751 liberum
787 4685 834 4752 sit
849 4685 978 4767 cuivis,
1004 4708 1075 4776 quo

87 4787 201 4867 colet,
227 4786 386 4871 migrare.
438 4781 507 4853 Sed
531 4778 599 4852 hoc
623 4785 778 4853 officium
801 4787 932 4854 iustum
957 4800 988 4855 et
1011 4811 1076 4854 ne-

87 4887 273 4956 cessarium
292 4899 361 4968 cst,
386 4897 426 4954 ut
441 4885 571 4972 singuli
594 4887 828 4957 creditoribus
851 4886 1075 4971 satisfaciant,

85 4990 292 5080 priusquam
317 4986 498 5055 discedent
516 4981 562 5076 ²).
614 4981 738 5080 Aliqui
760 5012 799 5055 ex
823 4988 1012 5057 lectoribus
1032 4982 1072 5079 in

85 5090 240 5159 vicinam
266 5088 388 5157 urbem
402 5081 760 5180 Magdeburgumse
776 5091 972 5175 conferent,
997 5090 1074 5176 ubi,

83 5271 290 5286 ——mq--o-—u

117 5374 144 5435 1)
164 5370 246 5427 Saub.
264 5373 431 5429 Ecclesium.

82 5498 85 5504 .
114 5460 143 5526 2)
160 5461 267 5528 priusq.
278 5462 347 5514 etse.
364 5459 532 5513 desideretur
543 5457 572 5512 iu
584 5458 696 5531 Scripb·

1129 1922 1256 1992 notari
1273 1921 1504 1993 eeclesiarum
1520 1918 1668 1994 Christi
1690 1923 1729 1993 in
1753 1923 1893 2017 inclyta
1913 1919 2117 2022 Ersordia,

1376 2020 1544 2094 Domino
1560 2049 1627 2096 suo
1640 2020 1886 2111 observando,

1129 2131 1171 2221 S.
1191 2152 1237 2227 D.
1288 2153 1428 2226 Eximie
1446 2154 1491 2230 D.
1506 2155 1659 2243 Doctor,
1684 2153 1751 2227 hoc
1766 2173 1923 2249 tempore
1946 2170 2022 2227 tum
2049 2156 2118 2224 mi-

1129 2256 1270 2326 serabili
1288 2258 1374 2350 quid
1391 2258 1488 2329 aliud
1505 2259 1610 2328 amici
1625 2259 1718 2328 inter
1732 2282 1769 2327 se
1784 2259 1936 2328 scribere
1959 2271 2118 2348 possunt,

1080 2427 1089 2444 „
1130 2359 1198 2426 nisi
1217 2360 1401 2450 querelas?
1444 2357 1516 2430 Ubi
1533 2360 1612 2453 quis
1625 2361 1742 2444 dolet,
1767 2360 1887 2439 aiunt,
1912 2359 1964 2428 ibi
1980 2381 2117 2428 manus.

1128 2458 1203 2529 Nos
1221 2455 1368 2529 hicnon
1391 2461 1473 2530 satis
1494 2461 1616 2530 mirari
1643 2484 1827 2553 possumus
1849 2483 1982 2529 novum
2006 2474 2039 2529 et
2061 2460 2118 2528 in·
2156 2482 2165 2495 ¹

1131 2561 1292 2630 auditum
1318 2585 1429 2651 genus
1458 2562 1642 2653 perfidiae,
1681 2564 1775 2657 quod
1797 2559 1880 2630 Dux
1901 2555 2117 2630 Mauritius

1131 2663 1313 2752 coniungit
1333 2687 1463 2766 secum
1480 2665 1670 2734 deterrimo
1692 2676 1849 2732 monstro
1873 2662 2033 2731 omnium
2048 2661 2117 2730 Pa-

1130 2765 1321 2855 pistarum,
1362 2789 1442 2855 rege
1482 2765 1647 2836 videlicet
1684 2757 1950 2844 Ferdinundo,
1994 2776 2116 2832 contra

1130 2890 1233 2936 suum
1257 2881 1464 2954 cognatum,
1496 2867 1655 2936 vicinum
1688 2881 1723 2937 et
1751 2865 1982 2950 nutritorem,
2013 2887 2117 2955 prae·
2234 2889 2237 2898 ·

1130 2968 1221 3035 clare
1246 2969 1289 3035 de
1312 2968 1388 3057 ipso
1409 2981 1442 3036 et
1468 2980 1566 3058 patre
1591 2967 1775 3051 meritum,
1808 2966 2005 3058 etquidem
2030 2959 2116 3035 hacc

1129 3069 1258 3137 scelera
1273 3069 1363 3138 fucis
1377 3092 1540 3138 excusare
1559 3068 1706 3154 volunt,
1731 3068 1760 3136 si
1775 3068 1845 3137 diis
1864 3068 1993 3158 placet,
2019 3091 2090 3159 quo
2105 3070 2115 3133 l

1129 3194 1202 3238 non
1225 3164 1292 3238 hoc
1321 3170 1455 3242 bellum
1484 3170 1659 3262 pertineat
1685 3171 1728 3238 ad
1761 3192 1900 3238 causam
1919 3165 2116 3256 Evangelii,

1129 3271 1228 3340 cuius
1244 3295 1322 3339 cum
1340 3293 1376 3338 se
1391 3285 1581 3341 amatorem
1599 3266 1778 3361 perhiberi
1792 3270 1896 3350 velit,
1922 3283 2053 3354 tamen,
2077 3283 2117 3338 ut

1129 3371 1335 3462 accipimus,
1367 3397 1440 3441 non
1464 3374 1592 3442 minus·
1605 3372 1795 3441 crudeliter
1817 3371 1928 3442 saevit
1941 3371 1979 3439 in
1994 3368 2115 3441 Evau-

1129 3473 1256 3559 gelicos
1286 3474 1501 3557 sacerdotes,
1541 3499 1644 3566 quam
1679 3473 1746 3542 ulli
1777 3471 1939 3563 Papistae
1970 3473 2115 3542 faciunt.

1130 3569 1382 3654 Zeuiclmvium
1422 3574 1532 3642 cinxit
1570 3574 1775 3658 obsidione,
1817 3586 1851 3641 et
1886 3574 2000 3642 vicina
2037 3575 2113 3641 loca

1129 3675 1247 3742 omnia
1269 3674 1471 3764 occupavit,
1503 3676 1599 3743 unde
1624 3675 1653 3741 si
1685 3698 1721 3743 se
1756 3674 1988 3763 expediverit,
2027 3675 2113 3765 quid

1129 3771 1187 3843 hic
1210 3775 1306 3844 aliud
1330 3775 1434 3844 nobis
1451 3778 1709 3867 expectandum
1733 3790 1801 3854 cst,
1843 3775 1911 3842 nisi
1943 3787 1984 3844 ut
2009 3774 2114 3842 nobis

1129 3877 1261 3945 bellum
1285 3876 1430 3960 inferat,
1456 3891 1490 3946 et
1508 3873 1598 3946 hanc
1611 3878 1824 3946 academiam
1839 3888 1990 3959 evertat,
2016 3876 2112 3966 quod
2221 3878 2232 3888 '

1129 3973 1299 4047 hactenus
1315 3978 1450 4047 nullius
1466 3976 1627 4068 Papistae
1644 3978 1785 4047 saevitia
1803 3977 1968 4068 perficere
1987 3977 2114 4067 potuit.

1127 4077 1219 4149 Nam
1234 4104 1299 4147 nos
1313 4079 1349 4146 in
1363 4073 1421 4146 his
1435 4079 1601 4169 periculis
1616 4079 1782 4149 iussimus
1796 4079 2015 4149 iuventutem
2037 4078 2109 4145 dis·

1129 4181 1263 4253 cedere.
1341 4178 1514 4249 Fortassis
1553 4180 1664 4273 aliqui
1695 4181 1842 4250 lectores
1873 4178 2044 4269 recipient
2075 4200 2112 4245 se

1128 4280 1425 4369 Magdeburgam,
1451 4282 1480 4348 si
1503 4284 1609 4350 modo
1632 4282 1682 4350 ibi
1704 4280 1807 4350 nobis
1833 4280 1931 4349 locus
1955 4279 2110 4366 dabitur,

1127 4383 1221 4472 quod
1245 4383 1351 4450 audio
1375 4404 1434 4448 eos
1458 4383 1629 4469 gravatim
1655 4383 1818 4452 facturos.
1882 4378 1933 4448 lta
1953 4375 2109 4447 Ecclesia

1126 4496 1159 4550 et
1175 4481 1224 4569 pii
1242 4477 1439 4551 scholastici
1458 4506 1502 4550 ne
1528 4485 1670 4574 quidem
1696 4484 1790 4573 apud
1814 4504 1896 4550 suos
1918 4479 2019 4548 facile
2043 4475 2110 4547 ho-

1125 4582 1269 4673 spitium
1286 4582 1485 4654 inveniunt.
1538 4579 1573 4652 Ο
1588 4578 1748 4663 Christe,
1772 4583 1905 4673 respice
1920 4604 1986 4649 nos
2004 4582 2110 4649 mise-

1125 4708 1202 4767 ros,
1229 4698 1263 4753 et
1275 4707 1373 4752 serva
1393 4680 1585 4752 Ecclesiam
1602 4696 1717 4768 tuam,
1743 4696 1776 4753 et
1791 4683 1918 4771 punias
1940 4707 2014 4752 non
2036 4697 2109 4753 tam

1123 4785 1298 4875 papistas,
1323 4809 1426 4877 quam
1444 4785 1525 4853 illos
1540 4785 1601 4878 qui
1618 4809 1713 4854 nunc
1733 4786 1931 4874 gloriantur
1952 4806 2024 4852 sese
2049 4809 2110 4851 ev-

1124 4885 1318 4974 angelicos,
1352 4886 1416 4955 etsi
1440 4886 1634 4976 plurimum
1657 4880 1740 4955 huic
1756 4886 1943 4955 doctrinae
1969 4898 2109 4956 nocent.
2179 4928 2185 4941 ,

1123 4985 1160 5057 Si
1179 4987 1308 5077 poterit
1321 4987 1446 5055 umbra
1466 4989 1637 5079 quaedam
1654 4983 1794 5056 scholae
1809 4986 1948 5056 restitui
1960 4983 2109 5073 Magde-

1122 5076 1273 5176 burgae,
1315 5080 1515 5184 Philippus
1545 5112 1585 5158 eo
1617 5111 1654 5158 se
1676 5090 1848 5170 conferet,
1880 5109 1984 5178 quem
2008 5087 2108 5178 sequi

1122 5189 1271 5261 decrevi.
1323 5186 1420 5259 Deus
1434 5190 1595 5291 restituat
1609 5188 1714 5258 nobis
1725 5190 1914 5259 salutarem
1931 5210 2063 5278 pacem.

1120 5433 1122 5437 .
1154 5376 1183 5445 8)
1200 5376 1284 5430 Saub.
1297 5389 1427 5444 possem.

1154 5465 1184 5532 4)
1201 5461 1284 5518 Sauli.
1298 5479 1425 5517 oramus.
