4882 6436
118 331 194 404 aar
706 333 1140 416 nrrsronaaun
1189 336 1294 417 nm
1333 339 1379 417 x,
1432 337 1564 416 maa.
2029 296 2035 309 ‘
2088 313 2161 418 oa

116 499 250 596 [multip
272 501 318 593 itt.
369 503 499 580 Durum
516 506 601 580 leben
618 507 680 581 tuit
694 505 890 602 limemlld).
916 512 980 584 ttnb
996 509 1114 587 linum
1138 511 1143 551 ¹
1166 523 1224 579 tus
1237 507 1413 579 Ecclesiae
1428 512 1607 596 salutares,
1634 525 1667 580 et
1680 525 1724 596 ut
1735 515 1942 604 mitigentur
1956 539 2090 608 poenae
2105 517 2159 586 ia-

118 605 152 675 itt
166 606 273 693 dialem
288 606 383 680 Eebm
406 608 485 700 nidpt
508 609 621 699 hesteri
640 612 730 700 than.
782 611 831 684 Et
848 612 934 703 leben
951 615 1025 702 bitlt
1042 614 1117 688 &aa
1165 613 1264 684 tales.
1323 608 1460 702 Optare
1484 638 1539 681 me
1563 615 1692 683 nostris
1715 613 1895 700 Ducibus,
1924 636 1974 686 ne
2001 630 2159 707 pereant,

117 705 187 794 men
211 709 607 800 betsstitbliamubeotum
630 711 696 800 [ebt
712 709 848 801 dbnlld).
874 717 938 786 uttb
954 726 1031 786 mon
1049 729 1116 786 ttts
1165 708 1355 783 honestum
1382 727 1416 782 et
1440 714 1540 804 pium
1563 728 1626 787 est.
1693 713 1742 785 Et
1764 718 1883 788 indico
1908 740 1989 802 coss
2021 719 2159 787 etiamsi

29 824 32 828 ’
117 807 199 897 lutbt
217 806 275 894 titt
294 812 357 881 tmb
375 811 523 898 deaut,
557 815 669 884 butum
694 832 769 905 mog
791 813 848 904 fid)
868 814 1114 906 anicianae
1165 839 1233 908 qua
1247 813 1641 906 accideruntpepmriu,
1666 830 1705 887 ut
1719 834 1803 890 sunt
1819 842 1875 889 res
1890 813 2077 903 humanae,
2102 831 2157 890 ta-

117 903 275 1001 fidnbiget
295 911 356 982 sict
374 921 436 985 ent
453 914 637 1005 uersutiam
654 912 816 1007 histrum
834 916 988 989 ttiunttn.
1039 913 1114 987 Da-
1163 939 1246 984 men
1260 910 1308 1002 cd
1320 911 1478 1013 μέγιστα
1490 912 1665 1011 ἀρίστους
1675 912 1779 1004 εἶναι,
1795 921 1932 991 utolim
1944 917 2155 1014 deCymone

117 1023 193 1080 tum
217 1013 352 1082 decima
372 1013 476 1098 lulii,
505 1012 709 1086 MDvat.

133 1369 203 1444 No.
218 1369 330 1446 3509.

125 1465 338 1507 Μ

473 1570 517 1657 C.
542 1570 776 1659 Pannonio.

183 1727 498 1801 mmmupm.

115 1873 468 1982 Christophoro
507 1877 781 1970 Pannonio,
822 1880 1031 1984 (Theologo
1064 1883 1103 1954 in

265 1996 269 2003 ’
447 1979 778 2083 Aead.Francos.)

114 2116 161 2207 S.
187 2133 233 2211 Ι).
277 2130 493 2207 Charissime
507 2128 774 2224 Christophore.
814 2131 922 2222 Quod
939 2156 1021 2203 cura
1037 2156 1104 2201 no-

115 2252 270 2308 strorum
284 2237 522 2329 periculorum
539 2236 621 2325 angi
635 2249 668 2305 te
683 2236 869 2325 significas,
890 2250 924 2305 et
937 2235 1103 2326 pietatem

114 2342 229 2433 probo
244 2351 354 2423 tuam,
379 2352 414 2408 et
431 2339 584 2407 delector
600 2337 844 2407 benevolentia
860 2359 940 2425 erga
958 2359 1016 2404 me
1029 2350 1102 2406 tua.

117 2441 199 2514 Scio
224 2439 341 2523 enim,
370 2441 502 2509 multos
523 2438 652 2530 passim
675 2439 845 2509 oblectari
865 2441 946 2518 ταῖς
964 2432 1103 2508 δυστυ-

112 2539 215 2636 χίαις
225 2537 426 2635 ἡμετέραις.
465 2538 537 2609 Nec
553 2553 670 2609 tamen
688 2540 806 2610 animo
823 2541 975 2630 frangar.
1011 2538 1104 2606 Vin-

118 2660 172 2716 cet
192 2666 314 2728 causa,
353 2642 489 2711 etiamsi
513 2642 624 2735 aliqui
645 2665 686 2710 ex
709 2642 814 2711 nobis
836 2641 1104 2711 interficientur.

114 2745 285 2817 Nondum
308 2757 424 2815 atatem
446 2757 581 2812 motum
604 2755 655 2810 est
676 2743 828 2826 bellum,
854 2745 914 2811 sed
936 2743 1104 2833 utrinque

115 2847 236 2936 magni
250 2848 548 2936 adparatussunt.
588 2836 791 2912 Palatinus
806 2840 959 2924 Elector,
985 2837 1105 2911 Mur-

118 2942 200 3020 chio
213 2945 369 3033 Elector,
395 2960 430 3016 et
446 2941 671 3014 Iuliocensis
681 2941 708 3040 ¹)
723 2947 867 3016 student
879 2945 1018 3015 flectere
1032 2942 1105 3012 lm-

114 3050 287 3145 peratoris
307 3050 467 3118 animum
486 3048 530 3114 ad
546 3070 679 3137 pacem.
730 3045 800 3118 Sed
819 3047 905 3140 quid
924 3045 1106 3138 impetrari

115 3152 245 3248 possit,
281 3152 418 3223 dubito.
476 3147 640 3217 Pontifex
669 3148 763 3216 enim
786 3150 889 3218 valde
912 3146 1105 3230 contendit,

115 3268 157 3325 ut
169 3245 332 3324 Carolus
349 3263 505 3344 pertexat
518 3242 720 3318 inchoatam
738 3249 965 3339 tragoediam.
992 3247 1104 3340 Spero

116 3347 252 3439 atatem,
290 3351 407 3425 Deum
436 3353 679 3439 mitigaturum
710 3373 782 3418 esse
814 3375 945 3441 poenas
972 3349 1104 3421 fatales

115 3455 261 3528 Certum
283 3469 352 3538 cst,
378 3454 415 3520 in
431 3451 654 3521 Pannoniam
671 3451 807 3520 venisse
821 3449 958 3520 Ducem
975 3449 1106 3519 anci-

116 3583 200 3626 cum
221 3579 301 3623 cum
324 3553 460 3642 magnis
481 3553 601 3642 copiis.
655 3549 801 3620 lnterim
822 3565 941 3621 tamen
955 3549 1106 3622 Carolus

114 3655 291 3746 praesidia
299 3651 491 3745 Hispanica
501 3651 744 3723 exPannoniis
757 3667 888 3726 evocat.
913 3651 1105 3725 Benevale.

114 3755 184 3827 Die
202 3752 262 3830 14.
279 3754 373 3828 tulii.

113 4124 186 4198 No.
202 4124 317 4200 3510.

119 4222 333 4257 W

956 4130 1011 4199 tt.
1029 4124 1091 4193 Iul.

927 4218 1099 4249 Μ

450 4316 504 4406 V.
536 4319 773 4405 Theodoro.

184 4483 209 4539 Α
248 4478 327 4537 endix
340 4477 387 4532 lib.
400 4473 447 4530 tv,
461 4472 540 4544 epist.
554 4495 581 4548 p.
593 4474 636 4534 tt.
653 4480 691 4518 -'
711 4477 764 4532 llic
776 4496 805 4531 er
817 4476 984 4549 autographo
997 4476 1027 4532 in
1039 4476 1106 4534 eod.

265 4568 328 4607 nec.
340 4547 365 4608 l.
383 4565 411 4619 p.
424 4541 488 4601 688.
689 4579 694 4587 =

114 4706 173 4784 D.
199 4701 246 4786 V
249 4704 316 4777 ito
347 4695 614 4787 Theodoro,
653 4695 796 4773 docenti
816 4698 1004 4800 Evangel.
1026 4700 1109 4777 Dei

419 4803 459 4875 in
478 4800 564 4875 urbe
579 4798 805 4899 Noriberga.

113 4937 162 5030 S·
186 4954 231 5031 D.
279 4951 363 5027 Non
383 4953 529 5037 dubito,
556 4963 592 5022 et
613 4950 800 5042 opiniones
823 4951 868 5020 de
886 4948 973 5021 belli
991 4951 1107 5022 causis

112 5059 233 5131 varias
247 5078 333 5142 esse,
356 5069 391 5126 et
404 5054 519 5124 multo
533 5053 644 5143 magis
658 5052 774 5123 varias
790 5051 1000 5126 voluntates.
1025 5049 1105 5142 Ego

112 5184 231 5233 unum
244 5153 343 5229 hunc
355 5168 499 5250 portum
512 5168 629 5241 teneo,
650 5178 714 5225 oro
728 5155 860 5241 Deum,
886 5167 928 5225 ut
943 5153 1016 5225 sint
1029 5155 1106 5223 exi-

125 5320 327 5344 m

150 5415 181 5486 t)
196 5412 279 5469 Seub.
290 5409 475 5495 lubecenses²
490 5427 521 5463 er
537 5409 655 5475 mend03
671 5408 734 5465 Dur
746 5406 842 5469 ltaliae.
854 5408 929 5466 enim
940 5368 998 5483 ipse
1011 5407 1115 5466 Batia-⁸

185 5484 276 5539 boue
289 5482 450 5544 curabatur
462 5498 491 5534 m
507 5487 657 5539 conventu.

1164 1016 1299 1087 dictum
1316 1031 1379 1090 est.
1430 1019 1619 1088 Dederunt
1635 1014 1827 1110 hospitium
1843 1021 2023 1093 mediocre
2039 1017 2065 1118 ¹)
2089 1022 2155 1091 do·

1163 1118 1316 1202 urinae,
1348 1130 1510 1189 texerunt
1532 1120 1590 1212 pia
1612 1122 1730 1191 studia
1752 1145 1881 1212 magno
1900 1145 1964 1192 suo
1983 1122 2156 1215 periculo,

1162 1218 1297 1308 magnis
1319 1219 1512 1316 laboribus.
1571 1218 1621 1290 Et
1642 1245 1762 1312 spero,
1794 1221 1909 1293 Deum
1929 1239 2151 1295 servaturum

1162 1333 1196 1388 et
1211 1322 1438 1390 defensurum
1456 1344 1527 1390 esse
1541 1318 1716 1392 Ecclesias
1731 1324 1770 1391 in
1787 1324 2000 1398 civitatibus.
2052 1325 2152 1414 Quid

1088 1425 1096 1442 ⁰
1160 1421 1270 1509 igitur
1285 1418 1433 1491 Carolus
1451 1422 1581 1504 effecit,
1607 1423 1743 1492 etiamsi
1759 1425 1996 1515 profligaverit
2011 1442 2152 1497 nostms

1160 1518 1299 1591 Duces?
1326 1520 1518 1613 lmperium
1531 1521 1784 1593 Germanicum
1799 1525 1976 1610 dilacerat,
1991 1541 2024 1597 et
2037 1529 2151 1597 maio·

1159 1646 1214 1691 res
1237 1623 1482 1713 dissipationes
1497 1621 1735 1694 Ecclesiamm
1759 1626 1882 1704 efficit,
1916 1652 2005 1718 qnae
2027 1629 2148 1719 aliquo

1158 1724 1416 1894 npstpollabore
1433 1725 1650 1795 consociatae
1663 1726 1820 1796 inerunt
1850 1725 1951 1796 Bene
1967 1728 2056 1802 vale.
2080 1727 2149 1798 Die

1161 1828 1178 1896 1
1208 1877 1218 1897 .
1255 1851 1277 1894 u
1294 1825 1330 1898 ii.

1571 1941 1579 1983 ·'
1671 1920 1859 2018 Philippus
1873 1924 2098 1999 Melanthon.

1168 2283 1233 2357 No.
1249 2282 1362 2360 3511.

1174 2381 1346 2410 Μ

2021 2294 2146 2368 15.1u1.

2010 2388 2146 2420 Μ

1489 2483 1817 2568 Testimonium.

1224 2639 1245 2703 †
1262 2636 1300 2690 lix
1312 2638 1468 2711 apographo
1480 2639 1509 2692 in
1521 2640 1585 2694 eod.
1595 2639 1709 2697 Monac.
1722 2641 1765 2695 88.
1783 2640 1837 2696 No.
1850 2639 1899 2695 Ν.
1918 2660 1945 2714 p.
1960 2643 2003 2701 68.

1213 2776 1481 2866 Testimonium
1508 2790 1736 2868 Gervasii
1755 2793 2088 2872 Marstalleri.

1157 2917 1257 3010 Cum
1274 2941 1312 3009 in
1328 2935 1518 3012 Academia
1534 2957 1652 3012 nostra
1669 2960 1903 3016 commoratus
1919 2947 1965 3016 sit
1979 2942 2038 3016 hic
2054 2936 2147 3014 Ori-

1158 3039 1287 3112 hosius
1302 3036 1338 3135 *)
1361 3038 1612 3130 Murstuller‚
1637 3042 1854 3136 Prisgoicns,
1884 3047 2023 3116 circiter
2040 3049 2147 3138 quin-

1158 3145 1353 3237 quennium
1376 3169 1456 3214 cum
1471 3167 1598 3233 magna
1614 3147 1721 3215 laude
1739 3146 1979 3242 modestiaeret
1993 3149 2148 3237 diligen·
2183 3161 2185 3165 ’

1158 3248 1229 3341 tiae
1252 3246 1291 3312 in
1315 3246 1412 3315 omni
1436 3246 1572 3330 officio,
1604 3258 1639 3316 et
1655 3248 1787 3315 bonam
1803 3242 2051 3340 philosophiae
2066 3274 2148 3340 par·

1157 3363 1228 3417 tem
1251 3358 1285 3415 et
1309 3347 1508 3416 doctrinam
1525 3343 1704 3417 Ecclesiae
1717 3345 1785 3417 Dei
1804 3362 1896 3419 recte
1920 3363 1955 3418 et
1973 3349 2152 3420 foeliciter-

1159 3447 1342 3532 didicerit‚
1372 3449 1412 3516 in
1426 3443 1616 3516 Academia
1640 3463 1760 3518 nostra
1781 3450 1825 3517 de
1838 3448 1989 3538 Collegii
2005 3465 2147 3520 senten-

1158 3551 1206 3619 tia
1223 3562 1368 3617 ornatus
1381 3561 1433 3616 est
1447 3550 1557 3637 gradu
1572 3547 1767 3639 Magisterii
1779 3546 2033 3642 philosophici.
2058 3550 2149 3643 Spe-

1159 3651 1274 3720 cimen
1296 3649 1400 3718 etiam
1416 3649 1633 3719 ,eruditionis
1654 3651 1805 3718 docendi
1826 3652 2008 3741 praebuit,
2035 3665 2068 3720 et
2082 3654 2147 3723 diu

1160 3752 1255 3843 apud
1282 3772 1346 3818 nos
1371 3749 1456 3839 pub.
1477 3749 1661 3819 literarum
1685 3750 1800 3819 studia
1825 3752 1976 3821 fideliter
1999 3753 2148 3824 adiuvit.

1159 3851 1352 3944 Postquam
1366 3865 1483 3920 autem
1499 3845 1567 3919 hoc
1582 3874 1676 3919 anno
1689 3849 1797 3926 1546.
1814 3865 1957 3943 propter
1971 3853 2058 3921 belli
2073 3879 2149 3924 πιο-

1159 3967 1235 4022 tum
1256 3952 1318 4020 alii
1337 3951 1376 4019 in
1400 3951 1571 4041 patriam,
1596 3952 1657 4019 alii
1678 3952 1717 4020 in
1737 3953 1812 4022 loca
1831 3953 2078 4044 tranquilliora
2092 3979 2148 4026 se-

1158 4066 1351 4136 cesserunt,
1375 4047 1435 4121 hic
1450 4051 1619 4143 Magister
1634 4043 1836 4122 Oribasius
1854 4077 1923 4122 una
1940 4078 2020 4124 cum
2033 4057 2148 4126 amico

1158 4151 1305 4223 Ioanne
1319 4147 1513 4223 Mercurio
1529 4155 1574 4225 ad
1590 4155 1715 4224 urbem
1731 4153 1959 4245 Vangionum
1973 4157 2149 4251 proticisci

1157 4249 1355 4355 [decrevitJ.

1260 4354 1352 4427 Cum
1382 4357 1491 4446 igitur
1519 4356 1651 4426 virtute
1677 4370 1714 4428 et
1740 4356 1941 4428 eruditione
1961 4359 2146 4430 antecellat

1156 4454 1218 4526 bic
1231 4455 1404 4546 Magister
1418 4448 1638 4542 Oribasius,
1664 4470 1698 4528 et
1717 4459 1856 4528 itineris
1873 4481 2013 4546 causam
2030 4456 2148 4530 hone·

1157 4573 1249 4630 stam
1271 4555 1418 4647 haheat,
1447 4561 1735 4629 commendamus
1755 4583 1835 4629 eum
1849 4561 2016 4631 omnibus
2032 4556 2167 4642 hone.
2274 4562 2277 4569 ’

1156 4662 1220 4732 stis
1234 4659 1334 4743 viris,
1359 4659 1579 4747 repetimus,
1601 4683 1647 4727 ne
1659 4659 1740 4750 quis
1753 4660 1798 4727 de
1815 4659 1942 4727 itinere
1959 4663 2034 4733 eius
2047 4683 2147 4734 secus
2230 4684 2233 4689 ’

1158 4760 1366 4853 suspicetur.
1415 4753 1536 4826 Etiam
1558 4758 1645 4825 belli
1663 4772 1820 4848 tempore
1842 4759 1976 4829 iustitia
1998 4761 2145 4835 colenda

1158 4875 1228 4943 est,
1258 4872 1304 4928 et·
1322 4855 1529 4926 hominibus
1554 4859 1686 4944 doctis,
1717 4859 1923 4949 praesertim
1946 4862 2145 4930 doctrinam

1158 4963 1202 5030 de
1218 4958 1292 5029 Deo
1307 4958 1527 5042 colentibus,
1557 4959 1662 5028 etiam
1678 4953 1812 5028 ethnici
1826 4955 1989 5029 homines
2004 4985 2145 5052 parcere

1157 5062 1330 5132 solebant.
1381 5057 1571 5149 Speramus
1588 5072 1705 5130 autem
1722 5060 1904 5155 aliquanto
1917 5075 2015 5152 post,
2042 5063 2146 5131 resti-

1157 5175 1234 5234 tuta
1253 5183 1339 5254 pace
1359 5161 1523 5254 publica,
1553 5155 1650 5232 hunc
1666 5151 1904 5249 Oribusium,
1929 5186 2009 5232 cnm
2028 5178 2063 5234 et
2079 5165 2145 5233 do·

1158 5314 1366 5334 nun-nn*—

1192 5390 1221 5458 1)
1237 5389 1321 5448 Senb.
1333 5409 1365 5445 ex
1376 5390 1494 5455 utendos
1518 5389 1689 5445 medeam.

1191 5471 1221 5545 ¹t)
1239 5474 1271 5533 ln
1281 5473 1463 5625 inrapiatipne
1476 5472 1628 5550 appellatam
1641 5472 1813 5548 amita,
1829 5473 1943 5530 lomus
1955 5472 2067 5537 rectius.
2157 5535 2163 5557 '
