4882 6426
311 354 388 433 su
903 326 1336 456 urrsrooanun
1386 331 1561 414 mex.
1616 331 1744 412 asse.
2283 330 2365 407 sse

319 532 389 625 ipsi
407 550 443 599 se
459 538 495 596 et
515 521 614 594 alios.
661 513 736 586 Nos
760 513 867 584 stulta
888 510 1096 580 credulitate
1121 507 1170 576 eis
1193 527 1313 574 assen-
1363 511 1516 601 Quodsi
1540 512 1588 582 ita
1606 524 1677 594 est,
1711 510 1794 579 satis
1817 522 1885 589 est,
1920 531 2107 601 personam
2124 529 2222 576 ream
2240 508 2361 579 meme

318 637 444 706 tientes
465 623 619 697 excusati
640 640 773 689 sumus·
835 613 906 686 Sed
928 611 1024 682 Deus
1045 610 1169 703 puniet
1193 630 1252 677 0⁰⁵
1285 606 1315 674 Si
1362 628 1522 707 paratam
1546 637 1639 697 esse,
1671 625 1713 681 ut
1730 614 1948 702 obtemperet
1969 625 2004 681 et
2024 612 2084 679 fiat
2105 609 2361 683 reconciliatio.

317 733 552 806 mentiuntur.
603 722 675 793 Nec
692 744 755 810 ego
773 720 816 787 de
832 717 1055 804 singUIOrum
1073 712 1239 783 cordibus
1258 710 1314 776 iu·
1363 716 1433 789 Sed
1460 717 1490 785 si
1513 740 1587 786 non
1611 715 1773 785 institues
1802 715 1982 804 publicam
2010 713 2290 796 absolutionem,
2327 728 2361 783 et

318 839 416 921 dico,
445 829 604 902 fortassis
620 823 800 916 aliquibus
813 844 894 888 vere
915 840 1120 909 persuasum
1138 827 1209 895 est,
1235 826 1315 880 tau·
1363 844 1512 912 persona
1534 842 1594 887 rea
1616 818 1705 909 petit
1728 817 1868 885 admitti
1892 818 1937 884 ad
1962 840 2107 885 coenam
2131 814 2291 897 domini,
2327 829 2363 884 et

318 956 395 1012 tum
417 947 562 1028 propter
587 927 749 1020 politicas
772 946 891 992 causas
912 934 1049 988 motum
1073 941 1145 985 esse
1168 914 1314 985 bellum.
1362 922 1538 1015 promittit
1555 921 1838 988 emendationem
1853 919 1963 1001 visae,
1987 932 2022 987 ρῑ
2037 917 2140 986 offere
2155 940 2212 999 se,
2237 930 2279 985 „1
2295 917 2361 986 ob.

320 1042 392 1114 Sed
408 1053 526 1109 tamen
542 1054 632 1126 quae
647 1029 811 1096 voluntas
829 1025 875 1092 sit
892 1011 1029 1089 Caroli
1044 1019 1130 1109 lmp.
1148 1030 1182 1085 et
1196 1015 1314 1084 fratris
1364 1038 1534 1114 temperet
1554 1022 1706 1091 senatui:
1742 1035 1779 1090 tu
1795 1022 1868 1111 ipse
1883 1015 1951 1089 hoc
1973 1043 2126 1109 exponas
2142 1019 2299 1102 senatui,
2325 1033 2361 1088 et

319 1143 431 1213 multa
454 1150 537 1208 sunl
559 1129 770 1204 testimonia.
831 1125 901 1196 Setl
925 1124 1130 1192 omittamus
1154 1120 1316 1208 disputa·
1363 1129 1413 1197 ita
1431 1128 1594 1196 admistas
1615 1148 1692 1193 eam
1713 1126 1757 1192 ad
1779 1147 1924 1191 coenam
1945 1121 2083 1191 domini
2107 1134 2243 1190 servato
2260 1145 2361 1191 more

320 1248 473 1325 tionem,
499 1263 538 1307 ac
560 1233 991 1326 potiusDeumoremus,
1022 1240 1061 1292 Ut
1084 1219 1315 1311 hOCPssrrlcl·
1363 1231 1492 1300 usitato
1516 1228 1672 1318 privatae
1695 1225 1939 1298 absolutionis.
2000 1218 2096 1291 Mihi
2122 1224 2263 1291 videtur
2285 1247 2361 1294 non

321 1347 414 1418 diale
433 1342 564 1412 bellum
580 1339 653 1426 ipse
669 1334 858 1400 clementer
875 1327 1101 1396 sedorevellt·
1156 1324 1315 1392 FOPIBSSO
1364 1331 1518 1402 difficilis
1547 1354 1619 1398 esse
1642 1327 1849 1397 diiudicatio
1878 1321 2003 1395 harum
2030 1325 2297 1418 quaestionum,
2330 1327 2360 1394 si

322 1452 499 1518 laetantur
511 1439 640 1531 aliqui,
667 1435 762 1527 quod
780 1431 966 1523 parricidia
983 1430 1019 1496 in
1039 1425 1095 1496 his
1110 1425 1315 1515 regionibus
1365 1457 1535 1526 pomae
1557 1444 1642 1500 sunt
1664 1433 1769 1514 tales,
1801 1444 1842 1499 ut
1865 1453 1942 1520 spes
1963 1429 2026 1508 sit,
2062 1440 2264 1497 secuturum
2285 1450 2361 1496 0330

323 1550 528 1620 excitarunt.
579 1540 649 1611 Sed
662 1534 895 1626 Deuspuniet
909 1547 1048 1601 autores
1064 1530 1169 1599 etiam
1184 1541 1316 1619 postea.
1364 1534 1756 1605 moxemendationeffi
1808 1531 2018 1600 Talescerte
2043 1554 2117 1598 non
2141 1530 2362 1600 suntexclu.

260 1721 263 1724 .
323 1649 420 1721 Bene
436 1648 514 1715 vale
531 1656 564 1712 et
582 1639 744 1710 rescribe.
796 1634 903 1704 Mitto
920 1633 1185 1724 responsionem
1205 1628 1317 1718 expli·
1365 1639 1472 1709 flendi
1494 1663 1534 1705 ex
1555 1633 1723 1706 Ecclesia,
1776 1632 1885 1722 Quod
1911 1633 1940 1700 si
1961 1632 2152 1713 obiiciunt,
2178 1631 2361 1702 neminem

322 1770 434 1826 eatam
459 1750 504 1817 ad
534 1759 611 1814 tuas
642 1739 881 1834 quaestiones,
919 1760 1005 1830 quas
1030 1736 1136 1802 nimis
1162 1732 1317 1799 bret'iltr
1365 1741 1624 1810 admittendum
1648 1760 1721 1805 esse
1746 1737 1816 1804 nisi
1842 1737 1933 1804 facta
1962 1734 2248 1803 reconciliatione
2273 1758 2360 1803 cum

322 1849 548 1950 proposulsll.
600 1843 638 1916 Sl
655 1842 763 1931 igitur
779 1842 941 1907 nondum
956 1837 1106 1906 satisfeci
1124 1835 1205 1917 ilbi,
1231 1833 1318 1900 scri·
1365 1846 1490 1925 fratre,
1515 1863 1638 1910 verum
1660 1853 1728 1922 est,
1764 1852 1927 1928 oportere
1942 1859 2041 1905 reum
2060 1850 2179 1905 mente
2196 1849 2361 1925 paratum

325 1961 371 2030 be
391 1951 631 2025 narratlffllflm
652 1968 776 2013 00P¹¹¹¹¹
796 1966 939 2010 casuum
959 1939 1165 2027 ¹⁰¹¹dl⁰s⁰ffi·
1218 1936 1317 2003 Deus
1366 1969 1439 2014 esse
1456 1946 1499 2012 ad
1516 1941 1857 2020 reconciliationem,
1889 1939 1952 2006 sed
1972 1939 2001 2006 si
2019 1939 2107 2010 alter
2129 1939 2251 2006 differt
2271 1963 2361 2021 eam,

325 2060 417 2130 adsit
431 2055 498 2127 tibi
515 2065 548 2121 et
565 2065 598 2120 te
615 2047 798 2136 gubernet·
832 2041 965 2111 lterum
982 2042 1058 2108 vele
1078 2056 1111 2110 et
1127 2063 1187 2107 ora
1201 2036 1315 2105 Deum
1368 2069 1446 2116 reus
1463 2044 1643 2115 excoseitus
1661 2057 1722 2112 est.
1772 2041 1871 2129 Quid
1887 2039 1981 2108 enim
2004 2041 2033 2108 si
2053 2041 2200 2133 aliquis,
2229 2040 2361 2108 iniuria

328 2176 509 2232 aeternum
533 2165 667 2242 patrem
692 2145 839 2214 DOmissi
858 2144 970 2213 110⁵tri
998 2141 1076 2210 lesu
1090 2137 1225 2210 Christi
1252 2163 1318 2205 ¹10·
1367 2149 1521 2232 affectus,
1548 2148 1593 2217 sit
1611 2143 1860 2234 implacabilis,
1879 2157 1919 2213 ut
1933 2156 2017 2210 sunt
2033 2142 2162 2211 multi?
2192 2140 2273 2212 Scio
2293 2142 2363 2209 dii-

300 2265 480 2351 ¹hiscum,
512 2269 552 2323 ut
575 2275 696 2344 pacem
719 2244 775 2315 his
797 2246 1002 2333 regionibus
1025 2244 1119 2334 piam
1140 2242 1318 2310 etsaluta-
1367 2251 1494 2320 ficilem
1517 2273 1589 2318 esse
1613 2246 1905 2336 gubernationem
1922 2239 2098 2313 Ecclesiae
2120 2245 2158 2311 in
2178 2238 2247 2312 hoc
2271 2256 2361 2312 tem-

325 2390 404 2436 rem
414 2360 585 2431 restituat.
622 2351 809 2434 Rescribei
835 2348 1004 2429 stillim,
1025 2361 1060 2415 ⁰1
1074 2346 1223 2425 stlitem,
1240 2343 1319 2410 fau·
1369 2377 1494 2443 porum
1512 2349 1736 2432 contusione3
1763 2349 1842 2415 ideo
1859 2346 2066 2437 prudentia,
2088 2346 2305 2426 dexteritate,
2329 2361 2361 2416 et

327 2483 420 2536 stum
443 2487 482 2530 ac
503 2454 737 2546 tranquillum
762 2473 896 2518 annum
922 2448 988 2516 [llll
1013 2462 1175 2538 Optamus
1198 2466 1260 2531 ⁰30
1286 2455 1319 2512 θῑ
1368 2448 1538 2549 ἒπιείκειᾳ
1559 2455 1597 2521 in
1612 2451 1736 2520 multis
1758 2448 2025 2541 quaestionibus
2040 2447 2257 2540 explicandis
2273 2470 2362 2538 opus

328 2565 516 2636 Erasmus
534 2548 788 2626 Salveldensis
803 2551 930 2619 exules.
965 2544 1320 2645 †DataeCervestae
1369 2572 1429 2629 ρει,

330 2669 458 2739 Trium
474 2662 614 2750 Regum
636 2653 762 2728 1547.”
776 2650 805 2747 2)

1469 2714 1600 2787 Tertio
1616 2717 1797 2815 quaestio:
1824 2718 1984 2785 anliceat
1992 2719 2159 2807 coniungi
2174 2713 2362 2788 moechum

1523 2845 1603 2888 cum
1620 2845 1658 2889 ea
1675 2844 1780 2912 quam
1799 2820 1945 2911 polluit,
1970 2819 2052 2887 vivo
2072 2820 2227 2889 marito?

843 2765 1033 2860 Philippus
1047 2761 1271 2836 Melanthon.

529 2980 696 3070 †Primo
714 2977 882 3079 quaestio
894 2973 934 3074 ³).
1420 2943 1644 3046 Responsio:
1671 2948 1849 3032 Concedo,
1873 2944 2186 3020 utBethsabavere
2202 2953 2270 3022 fuit
2288 2955 2364 3023 Da-

1371 3053 1464 3121 vidis
1479 3054 1655 3131 coniunx,
1687 3052 1792 3120 etiam
1808 3051 1980 3120 divinitus
2002 3055 2214 3144 approbato,
2249 3080 2364 3147 quan-

1373 3179 1478 3247 quam
1493 3152 1610 3223 David
1626 3155 1767 3222 vivente
1779 3152 1906 3222 marito
1923 3177 2001 3222 eam
2016 3157 2224 3247 compressit
2239 3171 2274 3227 et
2288 3182 2363 3228 rna·

1371 3257 1482 3326 ritum
1497 3256 1691 3335 interfecit,
1719 3270 1769 3339 et,
1796 3257 1824 3323 si
1841 3270 1942 3325 tuum
1959 3280 2075 3325 casum
2094 3273 2184 3327 recte
2201 3259 2362 3349 intelligo

330 3431 525 3510 nemvitae,
541 3423 757 3493 admittenda
767 3432 816 3487 es,
827 3419 869 3484 ad
881 3438 1025 3483 coenam
1042 3413 1191 3486 domini·
1215 3413 1323 3501 Quod
1372 3372 1407 3444 et
1421 3383 1495 3426 non
1510 3371 1593 3426 sunt
1605 3358 1672 3425 alia
1682 3357 1946 3447 impedimenta,
1971 3371 2109 3447 praeter
2122 3383 2260 3450 eaquae
2277 3365 2365 3432 scri.

329 3549 445 3609 autern
462 3533 506 3598 de
522 3525 661 3618 publica
679 3519 899 3590 absolutione
924 3517 1137 3604 interrogas,
1162 3516 1325 3584 conside·
1372 3474 1484 3550 ΡΜ
1506 3461 1771 3528 ⁶⁰n⁰ed³¹¹d¹¹m
1789 3480 1860 3526 ²⁵⁵²
1874 3481 2138 3550 ⁶¹⁸⁰⁰¹¹¹l¹ss¹¹¹¹¹¹
2153 3462 2286 3537 ¹¹1d100·
2317 3461 2365 3535 Et

330 3637 484 3710 randum
501 3643 571 3710 est,
603 3651 649 3694 an
666 3626 705 3691 in
721 3620 879 3691 Ecclesia
895 3632 955 3688 tua
969 3619 1006 3684 in
1022 3630 1117 3685 tanta
1136 3618 1323 3710 tyrannide
1371 3562 1971 3731 Jitmfflimwmiiwp¹⁸v¹l2³¹¹¹i
2010 3560 2365 3679 ¹d‚¹¹¹⁰¹¹⁶bl⁵²⁰dl·

331 3735 473 3810 institui
493 3729 614 3823 possit.
664 3723 876 3814 Exemplum
901 3719 989 3789 utile
1016 3732 1084 3802 est;
1119 3723 1179 3786 sed
1205 3732 1324 3787 tamen
1387 3679 1550 3751 'genuus‘
1604 3662 1678 3750 Ου’
1698 3676 1864 3750 ¹g¹¹⁰t³m
1899 3664 1932 3753 l’
1966 3677 2188 3753 mimmius
2211 3691 2363 3757 P⁰⁰¹¹³¹¹¹

1458 3765 1466 3779 ⁶
1571 3761 1588 3786 it

329 3843 393 3912 illa
419 3830 616 3907 ceremonia
649 3827 809 3915 publicae
838 3820 1072 3890 absolutionis
1098 3833 1244 3887 nonest
1268 3842 1323 3886 res
1373 3766 1567 3853 neghgunl'

332 3936 538 4012 necessaria.

430 3105 489 3179 An
505 3105 665 3175 adultera
681 3124 744 3192 per
754 3098 997 3186 magistratum
1011 3092 1147 3180 regium
1163 3093 1323 3161 absoluta

483 3204 701 3277 admittenda
719 3203 765 3270 sit
781 3202 825 3268 ad
846 3220 992 3268 coenam
1009 3194 1172 3263 domini?

381 3320 604 3423 Responsio:
647 3319 686 3390 Si
708 3318 815 3409 petit,
852 3329 885 3384 et
906 3312 1083 3405 promittit
1106 3311 1324 3380 emendatio-

431 4069 599 4152 Secunda
615 4067 796 4169 quaestio:
821 4091 867 4136 an
883 4066 1041 4134 adultera
1054 4067 1213 4134 nondum
1231 4065 1323 4136 aSe-

486 4192 573 4248 natu
605 4172 766 4243 absoluta
790 4168 1009 4239 admittenda
1039 4167 1083 4236 sit
1107 4167 1151 4234 ad
1178 4191 1322 4236 coenam
1371 4145 1565 4273 Q·
2227 4161 2260 4221 6.
2276 4152 2341 4218 lan.

2188 4244 2362 4275 »οφ-,ι

484 4276 646 4350 domini?
1791 4237 1793 4240 ⁴

383 4393 606 4498 Responsio:
635 4389 674 4462 Si
689 4386 869 4481 publicam
884 4382 1142 4452 absolutionem
1161 4381 1323 4449 institue·
1689 4324 1835 4407 Ῑοαθὴ·
1857 4325 2048 4411 ΜΟΗΘΓΟ·
2075 4418 2078 4427 .

333 4533 403 4594 res,
438 4510 616 4594 oporteret
638 4492 853 4561 satisfactum
877 4509 948 4554 esse
965 4484 1121 4567 senatui,
1152 4484 1209 4550 vel
1233 4496 1323 4551 certe
1440 4507 1526 4578 Epist.
1541 4506 1587 4559 tib.
1603 4506 1639 4559 ιι,
1659 4524 1684 4576 p.
1697 4503 1759 4559 487.
1778 4507 1855 4574 (edis.
1868 4508 1958 4562 tone.
1973 4508 2018 4562 m,
2034 4508 2067 4562 ῃ,
2085 4528 2126 4578 ep.
2142 4509 2216 4577 517.)

334 4617 514 4705 oporteret
542 4602 651 4690 ipsam
683 4592 734 4660 ibi
756 4591 848 4658 clare
879 4586 1054 4679 profiteri,
1096 4608 1131 4653 se
1160 4597 1325 4674 paratum

335 4736 408 4784 esse
423 4707 561 4785 animo,
587 4711 629 4769 ut
644 4696 861 4783 obtemperet
875 4687 1022 4757 senatui.
1081 4684 1228 4774 Semper
1244 4709 1325 4753 vera
1574 4675 1628 4750 D.
1662 4675 1715 4749 Io
1725 4703 1749 4747 o
1759 4673 1909 4750 chime
1935 4676 1990 4750 M
1999 4679 2045 4751 ol
2052 4679 2068 4750 l
2074 4706 2090 4751 e
2101 4707 2160 4756 ro.

335 4806 517 4889 conversio
535 4799 646 4872 animi
667 4796 750 4865 facit
765 4792 964 4860 membrum
979 4785 1173 4871 Ecclesiae3
1200 4810 1265 4854 nec
1281 4789 1325 4855 ad
1373 4811 1414 4903 S⁸
1428 4828 1473 4902 D·

335 4941 411 4991 eam
430 4906 608 5004 pertinent
623 4919 755 4992 poenae
770 4893 951 4986 politicae,
977 4890 1050 4958 sive
1066 4891 1232 4982 accedant
1252 4911 1326 4957 sive

335 5042 410 5091 non
427 5009 604 5084 accedant.
655 4998 818 5068 Fortasse
835 5005 975 5063 senatus
996 5014 1115 5060 morae
1130 5012 1232 5059 causa
1247 4990 1326 5060 fuit.

1509 4823 1723 4898 Charissime
1741 4819 1950 4912 Iooehime,
1976 4828 2175 4899 Meministi
2193 4855 2249 4900 me
2265 4855 2366 4927 saepe

1374 4932 1475 5027 quasi
1505 4928 1779 5022 praesagientem
1807 4923 1870 4998 has
1898 4928 2195 5029 γιγαντομαχίας
2226 4931 2366 5006 Princi-

1373 5060 1480 5128 pum,
1519 5032 1653 5100 dicere:
1693 5018 1873 5100 Cieitotes
1896 5029 1982 5101 hene
2011 5041 2179 5104 moratas
2202 5029 2366 5132 hospitio

1366 5136 1454 5236 sore
1476 5130 1674 5230 aliquanto
1701 5139 1784 5228 post
1817 5126 2005 5206 doctrinae
2036 5144 2067 5205 et
2098 5131 2366 5226 Ecclesiarum,

1375 5264 1454 5310 cum
1465 5230 1678 5330 Principum
1691 5225 1829 5330 oppido
1845 5231 1954 5306 bellis
1974 5246 2122 5309 vastata
2138 5249 2275 5314 essene
2297 5240 2367 5314 lta·

335 5199 560 5227 ,,,,,,......-

369 5315 399 5383 2)
419 5309 499 5366 Diem
513 5315 538 5358 et
554 5316 657 5375 annum
671 5292 746 5348 addit
760 5291 945 5348 eodblonac.
957 5289 1001 5346 87.

368 5397 397 5468 8)
414 5392 490 5448 Haec
502 5402 570 5458 quse
586 5384 737 5452 sequuntur
755 5373 870 5429 servarit
884 5373 963 5426 nobis
975 5371 1039 5428 cod.
1053 5371 1165 5427 Mense.
1176 5370 1220 5428 st.
1256 5371 1326 5427 Sunt

421 5458 589 5518 usestionss,
614 5466 681 5571 Ἓν
695 5443 855 5500 Mattbesius
873 5443 997 5512 miserat,
1023 5459 1088 5498 enm
1103 5441 1325 5510 responsionibus

431 5519 592 5587 eleutheris.
652 5531 764 5571 euesrns
779 5530 824 5566 ess
839 5508 999 5568 nonhabet.
1407 5508 1437 5577 4)
1455 5505 1580 5561 lueertus
1594 5519 1655 5557 sum
1668 5517 1703 5555 sn
1717 5499 1756 5557 sie
1769 5511 1842 5558 reete
1856 5502 1978 5576 legerim.
