4882 6426
198 281 274 359 aaa
770 275 1210 357 ur1srouaauu
1261 278 1464 359 eruar.
1516 279 1650 359 aare.
2025 250 2029 255 ’
2108 330 2110 334 .
2156 281 2229 354 aaa

197 453 312 537 tibus,
353 451 480 542 gradus
505 453 781 541 gubernatorum
812 476 885 523 non
910 454 1119 524 labefactare
1135 449 1189 545 ⁴⁸).
1237 451 1425 522 consilium
1451 465 1605 523 vestrum
1629 454 1733 544 plane
1757 459 1954 544 exponere,
1971 475 2015 521 ac
2038 453 2255 551 ostendere,¹

199 551 327 623 Forma
352 566 453 622 vetus
478 554 707 642 collegiorum
729 576 858 643 magno
881 557 1030 625 consilio
1059 557 1190 625 consti·
1237 576 1301 622 cur
1318 548 1409 622 hanc
1426 555 1709 624 conciliationem
1726 551 1894 624 Ecclesiis
1916 555 2137 646 profuturam
2156 578 2230 625 esse

199 667 274 723 tuta
296 667 349 724 est
369 655 414 722 ad
438 656 636 745 exemplum
655 653 850 740 Ecclesiae,
883 682 973 750 quae
996 658 1035 724 in
1058 659 1189 747 populo
1238 654 1451 727 existimetis.
1494 653 1740 753 Horumapud
1759 656 1891 725 vicinas
1906 670 2026 745 gentes
2043 657 2229 727 auctoritas

200 752 312 824 lsraiil
340 755 473 844 suerat,
506 768 546 825 ut
569 755 620 824 ibi
642 758 823 825 doetrinae
845 760 1006 827 custodes
1028 771 1062 826 et
1088 771 1191 828 testes
1238 755 1343 823 etiam
1366 757 1518 840 valeret,
1550 781 1703 850 quorum
1723 757 1923 827 voluntates
1947 758 1977 826 si
1999 780 2073 826 non
2100 758 2227 840 adiun-

200 868 326 929 essent.
377 851 426 925 Et
446 871 529 926 sunt
550 858 587 924 in
610 858 767 947 collegiis
789 859 859 926 illis
882 854 1072 951 alicubi⁴⁶)
1096 861 1191 929 docti
1237 869 1370 940 grantur
1396 858 1440 926 ad
1462 870 1607 942 vestras,
1640 884 1730 927 nova
1753 859 1896 928 dissidia
1919 873 2034 926 erunt.
2089 857 2129 927 Si
2152 858 2229 950 quis

199 955 281 1031 viri.
322 953 395 1024 Nec
409 957 679 1026 existimandum
694 974 757 1044 est,
783 962 828 1028 ad
843 960 1111 1030 diuturnitatem
1127 985 1190 1031 au·
1238 971 1354 1026 autem
1372 960 1428 1025 vel
1437 953 1477 1049 ⁸⁹)
1494 960 1636 1029 stultam
1653 960 1708 1028 vel
1727 961 1891 1030 iniustam
1908 959 2137 1049 pertinaciam
2161 983 2232 1027 esse

199 1056 251 1125 las
272 1056 474 1148 principum
498 1059 745 1128 illiteratorum
768 1062 904 1131 futuras
914 1058 955 1153 17)
972 1087 1045 1130 esse
1068 1063 1105 1130 in
1130 1087 1191 1130 cu·
1238 1058 1425 1142 iudicabit,
1452 1084 1524 1127 non
1540 1061 1700 1129 assentiri
1716 1063 1807 1130 libro
1825 1063 1861 1128 in
1879 1061 2047 1128 omnibus
2064 1059 2233 1143 articulis,

201 1158 385 1227 stodienda
405 1159 565 1227 doctrina
580 1161 829 1248 diligentiores.
878 1160 1049 1233 Libenter
1063 1177 1097 1233 et
1114 1188 1191 1233 eae·
1238 1173 1271 1227 et
1285 1160 1383 1230 abuti
1399 1184 1462 1229 nos
1475 1162 1618 1231 lenitate
1634 1163 1856 1253 imperatoris
1868 1164 1971 1246 dicet,
1987 1156 2071 1230 huic
2085 1184 2234 1251 respon-

200 1259 394 1338 remonias,
431 1282 517 1351 quas
549 1261 642 1329 liber
673 1263 860 1354 praecipit,
900 1265 1043 1353 recipio.
1109 1264 1189 1335 Scio
1238 1262 1317 1340 deo,
1336 1285 1391 1328 me
1408 1286 1482 1330 non
1501 1264 1614 1330 solum
1633 1264 1793 1353 publicae
1812 1265 2032 1356 paciscausa,
2049 1263 2233 1331 sedetiam

201 1359 297 1427 enim
314 1359 522 1449 disciplinae
543 1376 677 1452 partem
697 1386 769 1432 esse
786 1367 1040 1450 caeremonias,
1063 1379 1096 1435 et
1113 1368 1192 1456 opi·
1238 1386 1282 1429 ne
1299 1362 1475 1431 invocatio
1492 1363 1530 1431 in
1551 1365 1756 1433 rudioribus
1774 1368 1956 1447 turbetur,
1981 1365 2090 1434 molta
2107 1362 2234 1451 largiri

200 1483 287 1544 nor,
311 1460 419 1529 vitam
440 1485 554 1530 meam
572 1465 708 1548 testari,
734 1489 789 1532 me
807 1466 1014 1557 disciplinae
1037 1481 1071 1537 et
1094 1470 1191 1536 ordi·
1239 1477 1272 1531 et
1287 1464 1526 1548 dissimulare,
1552 1490 1616 1533 nec
1632 1466 1795 1554 ignorare
1809 1493 1863 1535 me
1880 1468 1968 1535 illud
1987 1465 2233 1533 Pindaricum:

200 1561 257 1629 nis
273 1575 447 1630 amantem
469 1586 552 1634 esse.
604 1560 651 1634 Et
666 1580 801 1635 constat
817 1568 904 1635 meis
923 1568 1063 1658 scriptis
1077 1570 1191 1660 quali·
1237 1558 1280 1633 τὸ
1308 1569 1419 1660 σιγᾶν
1450 1559 1623 1645 πολλάκις
1653 1562 1728 1637 ἐστὶ
1756 1561 1977 1663 σοφώτατον
2008 1559 2234 1659 ἆνδρώποις.

199 1662 408 1755 buscunque
437 1664 578 1732 invitari
605 1666 822 1736 iuventutem
852 1670 896 1737 ad
925 1670 1190 1758 intelligendam
1238 1663 1307 1733 Sed
1326 1668 1450 1734 modus
1465 1680 1515 1735 est
1531 1669 1676 1760 quidam
1692 1669 1769 1737 eius
1783 1671 1844 1738 rei.
1885 1670 1924 1740 Si
1940 1681 2057 1737 autem
2072 1664 2141 1736 hac
2158 1692 2233 1736 mo-

199 1775 236 1831 et
257 1765 695 1855 amandam'diseiplinam.
745 1767 840 1838 Puer
863 1771 965 1839 etiam
990 1772 1026 1838 in
1052 1772 1191 1861 templis
1238 1767 1418 1835 deratione
1441 1769 1572 1857 placari
1596 1785 1753 1859 potentes
1774 1796 1848 1839 non
1875 1766 2095 1863 possuntw),
2124 1783 2160 1838 et
2182 1769 2232 1836 vi-

197 1862 370 1952 'singulari
394 1865 574 1955 voluptate
603 1867 692 1936 ritus
720 1865 898 1965 omnes‘⁸)
925 1873 1127 1957 observavi,
1158 1885 1192 1941 et
1238 1869 1324 1935 door
1338 1865 1516 1936 Ecclesiae
1534 1894 1607 1939 esse
1631 1863 1818 1964 ἀλάστωρ,
1844 1886 1903 1942 aut
1928 1874 2053 1941 videor
2068 1866 2113 1964 61)
2140 1871 2230 1962 apud

198 1977 324 2032 natura
342 1989 418 2032 meo
435 1966 649 2036 alienissima
666 1965 769 2065 est⁴⁹)
787 1973 830 2039 ab
851 1972 911 2040 illa
926 1970 1120 2066 Cyclopum
1136 1975 1191 2041 vi·
1237 1983 1376 2037 nostros
1398 1971 1528 2040 amicos
1548 1973 1655 2041 fuisse
1674 1974 1769 2042 velut
1786 1970 2006 2043 Melanthius
2028 1974 2126 2066 apud
2150 1997 2231 2063 por.

199 2078 255 2148 ta,
274 2089 364 2156 quae
386 2066 523 2154 ignorat
539 2069 700 2137 ordinem
724 2073 922 2156 actionum,
948 2086 982 2143 et
1002 2076 1077 2143 odit
1102 2075 1191 2143 ritus
1238 2093 1296 2137 cos
1310 2067 1516 2162 Penelopes,
1540 2070 2230 2167 000100000001000000111),01001011

199 2189 405 2235 communes
421 2168 518 2236 velut
531 2194 714 2240 carcerem.
755 2170 827 2241 Nec
845 2188 982 2244 tantum
998 2177 1192 2266 amplector
1237 2171 2228 2261 1111ὺί8111οῑ,νθΙῐηοιιείτεῑονᾶῐηιοτιιῐη,ῖεῐειῐιῦθο

197 2259 304 2349 haec,
334 2291 422 2360 quae
452 2271 628 2354 recensui,
652 2275 711 2339 sed
738 2277 946 2364 persuadere
976 2277 1080 2344 etiam
1112 2277 1190 2345 aliis
1238 2272 1379 2341 iuvante
1396 2267 1438 2364 ⁶³)
1462 2299 1551 2367 quae
1575 2277 1753 2360 accident,
1779 2302 1851 2346 non
1875 2292 1914 2347 ut
1940 2278 1994 2345 illi
2019 2273 2230 2360 Melanthio,

199 2368 347 2435 eandem
374 2371 582 2441 sententiam
602 2375 761 2447 studebo.
818 2372 872 2444 De
895 2376 963 2444 fide
984 2391 1099 2446 autem
1122 2379 1191 2446 suit
1235 2373 1296 2440 sed
1313 2385 1352 2441 ut
1367 2373 1445 2442 aliis
1460 2376 1593 2459 multis,
1616 2378 1678 2468 qui
1695 2379 1732 2445 in
1750 2379 1854 2447 bonis
1870 2381 1983 2448 causis
2000 2380 2105 2448 etiarn
2121 2378 2229 2447 levio·

197 2468 398 2538 admonitio
417 2472 607 2540 necessaria
618 2469 675 2564 ἕο),
698 2498 802 2566 quarn
820 2478 864 2544 ad
881 2500 943 2546 vos
959 2478 1050 2561 misi,
1076 2492 1110 2547 ct
1125 2481 1192 2546 ob·
1235 2475 1334 2542 ribus
1350 2477 1531 2544 veritatem
1547 2479 1639 2546 vitae
1653 2481 1906 2555 antetulernnt.
1940 2480 2013 2549 Nec
2028 2480 2229 2573 impediam,

197 2568 306 2638 tineri
318 2593 418 2659 posse
433 2574 714 2643 emendationem
731 2576 894 2647 arbitror.
930 2575 973 2647 ln
989 2602 1028 2647 ea
1043 2575 1187 2671 enim⁸¹)
1237 2576 1447 2666 quominus
1470 2579 1683 2650 constituant
1708 2584 1963 2674 rempublicam
1988 2605 2057 2651 suo
2086 2581 2226 2652 arbitrio

198 2691 301 2737 causa
323 2670 451 2740 melior
474 2687 525 2742 cst
547 2676 709 2745 voluntas
734 2677 972 2766 imperatoris,
995 2705 1101 2773 quam
1126 2683 1189 2749 ad·
1235 2678 1497 2765 gubernatores.

197 2771 435 2840 versariorum
451 2769 512 2862 ⁸²),
545 2776 606 2866 qui
636 2778 829 2861 gloriosum
858 2780 926 2847 sibi
950 2804 1022 2849 esse
1043 2784 1189 2868 ducunt,
1335 2774 1413 2848 Etsi
1433 2792 1550 2849 autern
1565 2781 1648 2865 scio,
1674 2776 1764 2852 hanc
1779 2797 1936 2853 nostram
1950 2784 2226 2853 moderationem

198 2893 264 2938 nos
277 2885 445 2963 tanquam
470 2899 597 2963 pueros
616 2879 810 2967 praestigiis
825 2880 1011 2955 ludificari.
1235 2902 1307 2947 non
1325 2881 1521 2950 satisfacere
1532 2877 1576 2973 ⁶⁴)
1591 2883 1653 2967 iis,
1680 2885 1742 2976 qui
1763 2908 1938 2954 summam
1960 2886 2158 2974 potentiam
2181 2898 2225 2952 10-

292 2969 394 3064 De⁵³)
417 2975 640 3046 invocatione
664 2979 937 3072 mortuorum⁸⁴)
959 2984 996 3050 in
1021 2984 1100 3052 aliis
1124 3008 1189 3054 na.
1234 2993 1338 3064 nent,
1365 2994 1481 3051 tamen
1506 2996 1539 3051 te
1554 3008 1636 3068 oro,
1661 3000 1720 3068 ut,
1739 3012 1817 3055 cum
1843 2983 1928 3056 haec
1948 2988 2143 3056 certamina
2159 3009 2224 3053 non

197 3072 357 3143 tionibus
380 3087 467 3144 tetra
482 3076 692 3171 ¹evempla⁵⁵)
713 3082 833 3152 vidisti
856 3079 993 3176 ipse⁶⁶);
1021 3086 1103 3154 talia
1125 3109 1189 3152 ne·
1235 3082 1423 3167 moverim,
1449 3098 1483 3153 et
1509 3085 1588 3152 sine
1613 3087 1807 3175 petulantia
1837 3090 2021 3158 veritatem
2048 3088 2224 3180 quaesive-

197 3197 372 3265 quaquam
397 3178 570 3247 stabiliam
591 3205 666 3249 mea
690 3183 949 3272 suffragatione.
988 3184 1054 3256 ‘De
1076 3199 1188 3254 caete·
1235 3184 1320 3264 rim,
1345 3197 1379 3252 et
1394 3208 1490 3252 meae
1507 3186 1757 3275 explicationes
1774 3191 1895 3259 multis
1919 3191 2025 3259 bonis
2042 3192 2150 3258 rebus
2164 3189 2222 3258 ali·

196 3274 246 3340 ris
263 3276 419 3344 articulis
436 3302 530 3347 nrrnc
545 3303 619 3348 nou
638 3307 768 3370 pugno.
823 3284 915 3354 lllud
935 3301 1052 3356 autem
1069 3289 1107 3354 in
1123 3282 1189 3355 hac
1235 3284 1321 3374 quid
1348 3285 1435 3353 lucis
1452 3286 1652 3370 attulerint,
1673 3284 1763 3357 mihi
1786 3305 1828 3360 ut
1846 3293 1982 3360 veniam
2001 3294 2064 3359 des
2081 3292 2139 3358 vel
2155 3306 2220 3358 stu-

195 3374 449 3444 deliberatione
483 3380 587 3447 etiam
616 3384 911 3454 considerandum
941 3401 1010 3471 est,
1046 3385 1187 3483 quid⁸²)
1235 3385 1295 3453 dio
1318 3381 1556 3455 Ecclesiarum
1584 3383 1785 3459 nostrarum
1812 3393 1988 3484 cupienti,
2033 3418 2079 3461 ne
2110 3413 2218 3460 earum

194 3475 432 3545 mediocribus
448 3481 647 3568 pastoribus
670 3487 871 3567 persuaderi
888 3489 1006 3576 possit.
1049 3487 1187 3558 Vellem
1234 3487 1471 3577 tranquillitas
1498 3489 1676 3573 turbetur,
1704 3493 1759 3560 vel
1784 3494 1942 3586 alioquin
1973 3488 2147 3588 minus‘³)
2171 3493 2220 3560 vi·

195 3574 305 3664 igitur
317 3601 379 3646 vos
396 3592 429 3648 et
446 3582 653 3673 praecipuos
661 3580 702 3677 ⁵⁸)
718 3609 759 3655 er
775 3587 973 3659 senioribus
986 3591 1187 3680 pastoribus
1233 3588 1332 3657 denti
1349 3589 1432 3680 quid
1451 3591 1623 3681 expediat.
1672 3589 1841 3663 Consiliis
1865 3596 2021 3665 debello
2043 3615 2219 3687 nunquam

194 3740 423 3756 ..........
1233 3684 1414 3760 adhibitus
1429 3691 1494 3776 sui,
1515 3716 1665 3785 cumque
1681 3696 1810 3764 ducum
1829 3710 1972 3767 naturas
1987 3721 2141 3779 nossem,
2160 3697 2219 3762 do·

227 3841 274 3907 45)
295 3845 379 3899 Mm'·
396 3848 609 3912 gubernationis
627 3867 684 3903 mm
701 3849 876 3920 labefactare:
910 3852 980 3909 cod.
992 3853 1110 3927 Guetph.
1128 3873 1185 3908 aon
1232 3790 1303 3873 lua,
1336 3814 1516 3910 epsuarma
1540 3818 1672 3911 capere.
1730 3794 1893 3916 Sciebam
1921 3811 1956 3867 01
1988 3799 2101 3875 allud,
2135 3793 2215 3864 nrlul

261 3914 435 3981 1000100001.
1233 3915 1305 3958 esse
1332 3894 1446 3960 srmrle
1473 3893 1663 3984 Pelopidae
1698 3911 1732 3967 et
1764 3895 2054 3989 Epamruondae,
2088 3921 2214 3965 mcum·

225 3996 272 4063 46)
292 3998 381 4052 Mant.
401 4002 498 4068 ntiqui.
652 4059 656 4067 ,
1233 3987 1348 4084 que“³)
1374 3993 1546 4063 iudicium
1569 4010 1603 4065 et
1617 3998 1775 4067 dolorem
1793 4015 1873 4069 ante
1893 4002 2028 4069 bellurn
2046 4001 2091 4068 iis
2108 4015 2212 4067 osten-

225 4080 272 4146 47)
291 4080 360 4134 ⁶⁰⁶·
379 4081 461 4136 Μ·
481 4086 504 4141 ¹·
523 4083 668 4154 asarias.
1232 4095 1288 4178 di,
1331 4120 1483 4187 quorum
1516 4100 1622 4188 apud.
1643 4099 1819 4188 principes
1850 4102 1988 4171 valebat
2023 4102 2212 4171 auctoritas.

222 4163 723 4319 igiffl'mggfflsfflsszffip
762 4258 769 4271 .
801 4260 807 4274 .
924 4261 930 4275 .
1230 4194 1352 4289 Neque
1368 4221 1451 4266 vero
1468 4221 1543 4266 sum
1563 4200 1693 4268 stoicus
1708 4216 1742 4272 et
1759 4201 1885 4271 fortius
1900 4229 1979 4272 cum
1995 4203 2154 4273 Zenonis
2167 4202 2209 4269 la·

347 4292 354 4306 ·
451 4293 458 4308 ·
495 4293 502 4309 ·
681 4273 868 4313 aremssrmoe
877 4258 935 4328 sur.

222 4335 635 4403 totcod.G01b,s,n0ur0‚
1026 4320 1029 4327 “
1084 4304 1087 4308 ’
1229 4298 1327 4368 milia
1352 4295 1614 4390 praeliabar⁶⁷),
1641 4326 1747 4394 quam
1770 4304 1883 4373 nostri
1906 4307 2014 4374 duces
2036 4307 2080 4374 ad
2100 4301 2209 4373 Danu·

222 4421 269 4488 51)
288 4423 378 4485 001...]
397 4420 483 4478 aiant.
503 4431 529 4475 er
548 4424 611 4480 cod.
633 4423 715 4480 Gora.
735 4425 760 4483 t.
782 4448 831 4499 pro
851 4430 949 4484 eoam.
1229 4399 1328 4469 bium
1347 4402 1507 4491 praeliati
1527 4397 1675 4494 sunt⁶⁸),
1698 4427 1762 4474 nec
1786 4408 1831 4473 ad
1856 4406 2007 4485 stoicum
2032 4408 2142 4477 latum
2162 4426 2208 4472 re·

222 4505 268 4573 52)
287 4510 531 4573 adversariarum]
549 4509 595 4563 Sic
614 4509 701 4566 Mani.
722 4523 747 4566 01
773 4513 834 4568 cod.
853 4514 935 4572 Gotb.
954 4514 979 4571 5.
1003 4537 1180 4589 procorum,

255 4577 305 4695 puni
312 4576 473 4642 formulam
492 4582 862 4663 composuerufre,·ut·babet
876 4585 937 4638 cod.
951 4584 1066 4658 Guelpb.
1081 4601 1105 4642 01
1120 4594 1176 4643 edi·
1260 4605 1309 4674 59)
1330 4609 1376 4658 „31
1391 4625 1406 4659 ς
1421 4615 1491 4659 12¹1„
1506 4607 1587 4678 impr,
1603 4605 1711 4662 excidia.

287 4661 313 4693 m
330 4652 370 4724 est
382 4663 443 4714 epp.
459 4644 501 4698 Vl.
521 4646 595 4728 qood
614 4646 784 4719 erplrcatrour
804 4652 923 4733 debetur.
960 4654 1029 4709 cod.
1046 4656 1111 4714 Bar.
1124 4665 1178 4712 od·
1258 4689 1303 4757 60)
1322 4691 1480 4754 ρωπί-
1492 4699 1612 4755 possum
1633 4688 1706 4742 edidi
1725 4707 1755 4742 e,
1773 4688 1877 4744 Manno
1895 4698 1922 4743 οι
1941 4688 2023 4746 codd·

254 4727 470 4792 versariorum,
494 4733 540 4780 qur
559 4715 723 4783 formulam
747 4731 969 4787 oomcrrpserurrt
991 4740 1039 4777 000
1063 4743 1177 4794 compo·
1346 4775 1352 4788 .
1531 4777 1537 4789 .

253 4787 381 4832 mmm·
417 4780 464 4833 sm
480 4784 561 4836 ,gam
580 4784 707 4842 &ohim-
1257 4773 1303 4841 61)
1323 4778 1420 4825 videor
1439 4791 1490 4844 pro
1509 4779 1604 4825 ordear
1620 4772 1720 4826 babent
1738 4773 1825 4831 Manl.
1843 4784 1869 4830 01
1887 4775 1970 4831 codd.

219 4861 264 4929 53)
281 4862 341 4924 De]
357 4860 443 4918 Manl.
462 4875 488 4918 01
506 4866 586 4922 codd.
605 4885 656 4940 pro
674 4878 780 4937 quanta
796 4871 835 4925 10,
1256 4856 1302 4922 62)
1321 4858 1392 4911 Cod.
1410 4856 1494 4913 Goth.
1515 4861 1537 4913 l.
1557 4856 1627 4911 012.
1645 4860 1793 4912 vendendi.

211 4944 272 5014 ’54)
295 4951 491 5012 mortuorum]
519 4949 604 5004 Mani.
629 4958 655 5003 01
678 4950 759 5008 codd.
785 4971 834 5024 pro
859 4965 1034 5013 sanctorum.
1077 4959 1174 5016 Muta·
1255 4939 1299 5008 68)
1319 4939 1405 4996 Μθῦι·
1424 4945 1542 4999 WW‘·

246 5015 461 5087 110016100ορυά
480 5017 565 5072 Mani.
584 5037 634 5090 pro
651 5021 814 5075 melonibus
830 5029 872 5076 erl
893 5027 1032 5081 mendum.
1253 5025 1303 5095 64)
1320 5024 1408 5080 Manl.
1429 5027 1642 5095 satisfacturam
1661 5042 1730 5080 me.

217 5099 261 5167 55)
279 5097 394 5153 Tertoa:
414 5111 441 5152 et
460 5119 547 5168 quom
564 5112 648 5158 tetra.
1255 5110 1300 5178 55)
1320 5111 1437 5181 †nwrc‚
1455 5112 1515 5166 cod.
1534 5110 1618 5164 Goth.
1633 5114 1657 5164 1.
1671 5111 1734 5169 etl.

217 5183 261 5249 56)
280 5181 367 5237 Manl.
385 5183 509 5247 01111011ος
535 5186 603 5249 urae.
1252 5196 1298 5260 66)
1322 5197 1412 5251 Manl.
1429 5200 1640 5261 nonnunquam.

216 5264 262 5330 57)
282 5265 352 5320 cod.
365 5264 449 5321 Goth.
465 5269 489 5320 t.
512 5278 539 5322 01
557 5267 585 5324 4.
603 5273 752 5336 quomodo.
1251 5280 1297 5347 67)
1311 5283 1491 5347 proetr'adar]
1510 5279 1572 5333 cod.
1588 5277 1671 5332 Goth.
1686 5279 1712 5332 t.
1725 5287 1752 5333 01
1767 5280 1793 5338 4.
1808 5298 1860 5351 pro
1874 5280 2019 5346 mulebrr'
2031 5287 2121 5341 00100.

214 5348 259 5413 68)
282 5350 447 5414 praecipuos
470 5349 541 5403 edidi
568 5370 583 5404 0
605 5351 666 5433 cod.
680 5349 769 5433 ¹(ioth.
791 5353 824 5437 1.Ι
835 5352 904 5437 015.
928 5373 980 5425 pro
1002 5363 1171 5429 praedpur‘s,
1251 5362 1296 5432 58)
1315 5363 1399 5416 Μο01.
1417 5364 1510 5414 rerba:
1521 5378 1621 5442 ,00000
1641 5360 1745 5415 0100000
1765 5371 1794 5416 rt
1803 5361 1913 5433 sororias
1930 5391 1967 5404 -
1978 5397 2015 5411 -
2025 5393 2062 5407 -
2076 5370 2205 5434 praedicti

250 5415 321 5473 Cod.
341 5415 458 5489 Guelph.
476 5434 524 5472 voa
537 5436 698 5486 praecepere
716 5431 745 5474 et
760 5425 916 5480 0000000600
932 5434 986 5482 010.
1287 5441 1365 5493 runt,
1384 5438 1575 5504 praetermeat.
1594 5496 1607 5513 ·
