4882 6436
194 360 272 437 478

196 534 342 614 mulari‚
378 531 446 604 hoc
474 535 682 626 praesertim
697 529 776 605 'tam
799 535 893 605 tristi
914 550 1093 628 tempore,
1119 560 1191 631 quo

198 636 447 707 stultissimum
461 651 530 718 est,
554 638 648 708 inter
665 660 737 707 sese
756 637 864 706 rixari
880 661 949 722 eos,
975 639 1038 732 qui
1051 632 1109 707 his
1125 635 1196 709 Ec-

198 738 313 809 clesiis
343 754 511 831 praesunt
542 755 576 809 et
605 741 699 808 idem
723 740 905 808 doctrinae
929 763 1040 829 genus
1061 741 1197 832 ample-

199 854 357 915 ctuntur.
408 839 481 909 Nec
496 864 560 930 ego
578 844 622 911 ab
640 843 703 910 illo
722 840 843 911 Stoico
859 843 1023 935 requiro,
1053 856 1093 912 ut
1117 867 1197 912 mo-

199 945 345 1013 deretur
363 943 514 1032 impetus
529 966 630 1027 suos,
656 965 745 1036 quos
761 938 867 1014 habet
885 944 1036 1014 maxime
1060 945 1197 1036 impor-

200 1059 318 1116 tunos.
369 1041 435 1112 Est
450 1045 545 1112 enim
563 1044 725 1130 Stoicus,
751 1069 816 1115 nec
833 1070 868 1116 se
884 1045 935 1115 ira
963 1071 1107 1138 peccare
1129 1072 1197 1138 pu-

201 1160 270 1230 tat,
307 1147 368 1214 sed
392 1146 525 1216 iudicio
549 1149 615 1216 ista
637 1149 762 1219 facere.
829 1148 900 1219 Sed
921 1146 1012 1221 Cels.
1036 1148 1197 1220 Vestram

201 1243 393 1332 adhortor,
424 1261 465 1317 ut
487 1272 585 1319 suam
610 1251 818 1338 gravitatem
841 1265 876 1320 et
893 1246 1122 1320 christianam
1142 1276 1198 1322 sa-

202 1350 373 1441 pientiam
388 1350 426 1417 in
444 1352 633 1420 consilium
650 1348 828 1425 adhibeat.
879 1349 1026 1423 Bene'et
1049 1354 1199 1424 feliciter

203 1453 317 1521 valeat
332 1449 423 1521 Cels.
441 1450 484 1525 V.
536 1450 604 1522 Die
623 1451 659 1526 6.
675 1449 812 1544 Aprilis
832 1449 941 1527 1547.

560 1601 668 1654 Versus
682 1602 841 1670 auratam

289 1703 432 1769 Duobus
453 1705 643 1769 dicentibus
663 1709 772 1770 altero
794 1713 885 1770 irato

288 1791 413 1870 Alter,
441 1798 585 1872 quiana
606 1795 803 1873 respondet,
832 1795 1021 1874 sapientior
1042 1803 1102 1857 est.

291 1890 390 1953 Λνοῖν
407 1886 558 1972 λεγόντοιν
574 1892 714 1976 θατέρου
729 1892 932 1972 θυμουμίνου

289 1971 306 2039 ὅ
323 1973 368 2057 μὴ
387 1972 564 2040 ἀντιτείνων
576 1986 642 2052 τοῖς
660 1973 762 2060 λόγοις
780 1974 968 2061 σοφώτερος.

205 2079 258 2149 Ne
272 2083 450 2171 responde
466 2083 574 2152 stulto
589 2084 784 2152 secundum
805 2084 991 2152 stultitiam
1008 2107 1118 2156 suam.

712 2196 903 2292 Philippus
925 2197 1152 2270 Melanthon.

501 2400 1197 2416 ———-—-——-——————

208 2517 275 2595 No.
292 2519 403 2592 8822.

209 2618 379 2643 Μ
1068 2628 1205 2658 Μ

598 2708 647 2796 Ρ.
669 2711 819 2796 Ebero.

274 2884 359 2957 Epist.
376 2886 424 2943 lib.
440 2887 475 2946 ll.
496 2906 522 2959 p.
538 2887 597 2943 148.
615 2888 857 2958 (asteterunt.
872 2889 909 2945 ll.
924 2889 1060 2964 ep.185.).

495 3042 551 3119 D.
577 3041 731 3120 Paulo
757 3047 911 3120 Ebero

210 3156 251 3252 δ’
276 3178 323 3251 D‘
376 3180 420 3250 ln
432 3180 557 3252 ΗΘΜ
575 3199 746 3276 smmum
764 3200 832 3269 ‘st'
857 3178 1001 3282 Alma
1015 3205 1125 3279 super
1142 3178 1208 3301 ᾤ’
1255 3239 1348 3327 apud
1368 3260 1423 3303 me
1439 3234 1581 3303 educari
1598 3235 1654 3303 vel
1678 3257 1802 3303 omnes
1824 3234 1880 3302 vel
1901 3235 2037 3327 aliquas
2058 3233 2167 3317 filias,
2193 3255 2252 3301 ea·

212 3306 311 3353 mam
328 3277 505 3353 Domini:
533 3290 629 3379 quod
646 3288 732 3356 olim
757 3311 842 3378 gens
860 3286 1001 3358 ludaica
1029 3287 1134 3355 etiam
1158 3310 1208 3353 sic

210 3386 439 3472 interpretata
465 3402 533 3457 est:
567 3383 729 3485 Aquilas
745 3387 896 3486 fatales
915 3384 989 3458 eise
1004 3384 1207 3465 Ecclesiae,

209 3501 251 3556 ut
270 3482 572 3577 Nabogdonosor
596 3504 631 3559 et
649 3485 821 3558 Romani
842 3492 1014 3560 exercitus
1036 3504 1121 3559 tunc
1139 3485 1208 3555 Ia-

211 3582 344 3654 daeam
368 3605 629 3678 oppresserunt.
689 3591 863 3662 Fortassis
889 3592 997 3658 simili
1017 3592 1090 3659 fato
1112 3613 1209 3658 nunc

116 3693 131 3721 Γ
211 3685 364 3782 Aquilae
379 3691 547 3759 advolant
563 3691 599 3758 in
616 3687 700 3761 baec
717 3694 815 3776 loca,
837 3693 900 3762 ubi
916 3706 1008 3761 certe
1024 3694 1123 3760 sedes
1143 3694 1208 3758 ‹lo-

212 3792 345 3862 ctrinae
361 3793 548 3882 praecipua
565 3793 644 3866 luit.
685 3792 746 3862 Me
763 3795 875 3865 fatum
890 3794 1023 3882 alligat,
1050 3807 1090 3862 ut
1105 3794 1208 3860 etiam

212 3894 242 3963 si
256 3894 384 3978 velim,
409 3895 531 3982 fugere
555 3919 629 3962 non
652 3897 796 3986 possim.
848 3895 953 3966 Nunc
973 3919 1064 3965 uxor
1085 3896 1208 3963 crude-

210 3996 364 4064 lissimos
381 3997 556 4065 cruciatus
571 3998 657 4082 sert,
685 4013 782 4069 ortos
806 4024 825 4067 a
850 3990 1005 4083 calculo;
1039 3995 1112 4065 Nec
1133 3997 1211 4063 bal-

212 4099 306 4180 neis,
343 4121 408 4165 nec
437 4094 718 4169 chamaemelino
747 4102 909 4190 mitigare
935 4124 995 4168 eos
1018 4098 1211 4189 potuimus,

213 4213 248 4269 et
267 4193 452 4291 dvoovpia
474 4203 618 4272 accedit.
671 4198 852 4274 Annotavi
881 4204 919 4271 in
942 4203 1077 4294 pagella
1101 4224 1212 4293 quae-

213 4304 296 4369 dam
322 4302 365 4368 de
390 4301 502 4390 ipsius
523 4303 682 4370 mulieris
698 4328 879 4387 sermone,
905 4327 1015 4397 quae,
1041 4318 1081 4373 ut
1099 4325 1212 4383 cures,

213 4418 248 4473 te
274 4401 379 4470 etiam
403 4414 508 4494 atque
530 4403 634 4471 etiam
658 4429 731 4477 oro.
782 4404 921 4474 Literas
944 4405 1091 4492 scriptas
1106 4406 1148 4471 aa
1168 4401 1211 4471 D.

214 4500 466 4597 Augustinam
484 4505 559 4595 ipse
575 4502 748 4578 exhibeas.
786 4505 945 4576 Petimus
961 4507 1055 4575 enim
1074 4506 1119 4573 ab
1136 4505 1211 4594 ipso

213 4608 491 4692 medicamenta,
515 4632 580 4698 pro
608 4608 738 4701 quibus
761 4608 965 4677 numerabis
987 4608 1144 4699 precium
1173 4607 1211 4674 in

213 4711 426 4804 myropolio.
477 4704 633 4780 Manius
649 4711 744 4781 filius
760 4724 901 4780 excusat
920 4706 988 4783 τὸν
1011 4705 1212 4808 μαργίτην,

214 4826 256 4883 ut
272 4836 391 4883 coram
409 4813 536 4885 dicam.
587 4811 685 4883 Bene
700 4815 790 4886 vale.
843 4810 910 4881 Die
923 4815 958 4886 6.
974 4808 1121 4905 Aprilis.

648 5045 1210 5058 -υ--η--υ--υ-υ

214 5194 283 5270 Νο.
301 5193 413 5269 8888.

223 5292 395 5321 Μ’*

1036 5203 1196 5286 (sape.)

1038 5294 1198 5323 Q&

458 5376 644 5463 Alberto
673 5377 793 5463 Daoi
819 5380 970 5469 Pbuss.

283 5559 302 5626 †
322 5554 360 5611 tx
373 5555 530 5628 apographo
551 5553 580 5610 in
601 5555 665 5611 cod.
679 5552 764 5609 Goth.
778 5554 840 5609 191.
856 5554 924 5626 ρ.8.

778 358 1218 441 EPISTOLARUM
1276 365 1386 446 LlB.
1419 366 1467 446 X.
1522 366 1655 447 1547.

1073 2543 1106 2604 6·
1123 2533 1204 2618 Ap..
1226 2489 1232 2610 l

2163 374 2239 451 474

1270 534 1335 610 Ad
1345 536 1554 640 Principem
1570 537 1831 627 Albertam,
1859 542 2003 617 Ducem
2023 541 2214 624 Prassiae.

1241 656 1490 750 Illustrissime
1510 680 1686 772 princeps.
1738 679 1835 752 Deus
1861 697 2025 753 aeternus
2051 697 2150 775 pater
2173 686 2240 754 do-

1244 783 1334 852 mini
1357 780 1438 854 lesu
1458 779 1594 853 Christi
1614 784 1653 852 in
1677 784 1908 856 fabricatione
1933 800 2081 856 naturae
2107 786 2240 856 indidit

1243 886 1446 977 pectoribus
1469 881 1657 956 hominum
1683 887 1818 957 semina
1848 888 1969 978 magni
2000 888 2132 957 amoris
2160 910 2241 978 erga

1243 989 1423 1074 sobolem,
1464 1003 1498 1059 et
1518 983 1615 1058 hune
1637 1012 1794 1057 amorem
1819 991 1992 1081 approbat
2018 1005 2051 1060 et
2074 992 2241 1081 postulat,

1244 1104 1280 1160 et
1295 1092 1371 1160 vult
1387 1114 1453 1160 nos
1471 1090 1731 1160 commonelieri
1748 1086 1817 1160 hoc
1839 1115 1903 1161 suo
1927 1092 2092 1182 vestigio,
2116 1105 2157 1161 ut
2180 1116 2241 1161 co-

1244 1192 1395 1281 gitemus
1410 1193 1563 1261 similem
1580 1216 1654 1262 esse
1669 1194 1706 1261 in
1723 1193 1800 1284 ipso
1815 1208 1850 1264 et
1870 1219 1993 1264 verum
2016 1208 2052 1264 et
2077 1218 2153 1263 non
2177 1194 2243 1263 fri·

1244 1295 1366 1384 gidum
1393 1318 1551 1364 amorem
1576 1318 1656 1384 erga
1679 1294 1793 1364 lilium
1816 1319 1936 1381 suum,
1964 1298 2060 1370 dom.
2078 1309 2242 1366 nostrum

1245 1394 1321 1470 l.C.
1337 1410 1371 1466 et
1387 1421 1467 1487 erga
1481 1420 1558 1466 nos
1607 1396 1700 1467 Cum
1718 1397 1826 1487 igitur
1841 1393 1927 1467 haee
1943 1399 2116 1469 naturalis
2132 1399 2244 1467 bene·

1245 1500 1401 1569 volentia
1435 1523 1515 1589 erga
1545 1513 1648 1569 natos
1677 1500 1743 1569 deo
1775 1501 1927 1592 placeat,
1968 1501 2083 1570 fateor
2114 1514 2149 1571 et
2182 1521 2240 1568 me

1246 1603 1349 1673 valde
1373 1602 1535 1671 dilexisse
1557 1602 1685 1687 liliam,
1726 1615 1761 1671 et
1787 1598 1855 1671 hoc
1885 1603 1961 1691 ipso
1991 1625 2112 1671 amore
2141 1622 2244 1692 saepe

1247 1705 1563 1775 commonefactum
1580 1727 1653 1773 esse
1677 1705 1721 1773 de
1745 1728 1865 1773 amore
1880 1703 1948 1775 Dei
1973 1727 2054 1793 erga
2076 1703 2191 1775 lilium
2210 1714 2246 1773 et

1248 1830 1329 1896 erga
1345 1829 1421 1875 nos.
1475 1804 1596 1895 Quare
1614 1819 1649 1875 et
1665 1806 1789 1876 dolore
1806 1821 1840 1876 et
1864 1807 2040 1876 desiderio
2067 1806 2144 1876 eius
2167 1804 2245 1873 alli·

1249 1910 1323 1980 cior
1337 1921 1522 2000 postquam
1539 1922 1715 1978 uxortuam
1739 1932 1813 1977 esse
1829 1909 1962 1982 audivi.
2025 1907 2095 1978 Sed
2112 1920 2244 1987 tamen,

1250 2013 1333 2106 quia
1350 2011 1510 2100 intelligo
1525 2010 1624 2100 signa
1640 2034 1742 2079 verae
1758 2011 1896 2102 pietatis
1912 2012 1952 2079 in
1967 2034 2005 2079 ea
2029 2034 2108 2100 erga
2127 2006 2245 2079 Deum

1250 2127 1284 2184 ct
1308 2135 1390 2201 erga
1412 2113 1579 2182 maritum
1608 2126 1759 2181 mortem
1792 2113 2040 2203 praecessisse,
2082 2113 2246 2182 dolorem

1250 2216 1429 2285 moderari
1447 2216 1586 2298 studeo,
1611 2227 1651 2284 ut
1665 2213 1762 2283 Deus
1776 2215 1963 2306 praecepit.
2015 2212 2091 2283 lmo
2109 2229 2144 2286 et
2166 2235 2248 2301 gra-

1251 2319 1318 2387 tias
1338 2316 1415 2386 Deo
1441 2339 1524 2405 ago,
1557 2318 1654 2408 quod
1679 2316 1718 2383 in
1743 2316 1970 2386 invocatione
1994 2340 2077 2385 vera
2104 2314 2249 2385 excessit

1251 2446 1292 2489 ex
1305 2416 1372 2489 hac
1388 2419 1471 2492 vita.
1520 2415 1632 2510 Saepe
1648 2431 1730 2488 ante
1744 2442 1857 2488 annos
1873 2419 2009 2511 aliquot
2022 2414 2248 2512 lachrymam

1252 2547 1328 2592 eam
1355 2519 1431 2591 Deo
1462 2520 1726 2605 commendavi,
1766 2534 1800 2591 et
1829 2517 1923 2590 hanc
1950 2521 2093 2590 intuens
2125 2541 2248 2588 vocem

1251 2619 1404 2695 Christi:
1433 2644 1537 2691 nemo
1554 2621 1671 2719 rapiet
1688 2644 1767 2690 oves
1782 2645 1883 2691 meas
1900 2644 1946 2691 ex
1960 2619 2134 2691 manibus
2148 2617 2251 2704 meis,

1253 2738 1414 2818 precatus
1435 2749 1534 2809 sum,
1565 2748 1611 2792 ne
1637 2724 1801 2794 diabolus
1830 2748 1907 2794 eam
1939 2749 1958 2792 a
1990 2722 2067 2795 Deo
2098 2723 2249 2793 avellere

1253 2841 1381 2920 posset.
1431 2825 1504 2896 Nec
1520 2827 1607 2894 tales
1620 2849 1740 2917 preces
1757 2840 1841 2896 sunt
1866 2826 1998 2900 irritae.
2053 2826 2161 2914 Quod
2185 2847 2250 2893 au-

1254 2945 1324 3001 tem
1341 2928 1526 3000 Celsitudo
1541 2926 1663 2998 Vestra
1679 2928 1845 3011 ostendit,
1865 2952 1901 2997 se
1917 2929 2017 2997 luctu
2029 2927 2131 3012 allici,
2155 2923 2196 2999 C.
2204 2923 2251 2999 V.

1254 3045 1457 3102 reverenter
1470 3030 1599 3120 gratias
1613 3053 1697 3119 ago;
1724 3031 1852 3099 deinde
1866 3031 2085 3099 ‘commendo
2099 3025 2140 3104 C.
2155 3025 2190 3096 V
2191 3073 2202 3096 .
2216 3037 2252 3096 et

1255 3158 1424 3225 generum
1448 3157 1586 3215 meum,
1619 3146 1654 3202 et
1674 3133 1764 3201 filias
1785 3126 2017 3227 etfilium*).
2081 3126 2250 3222 Optarim

1255 3363 1323 3432 que
1339 3340 1383 3407 de
1399 3362 1438 3406 re
1457 3338 1500 3405 ad
1517 3358 1688 3424 generum
1703 3337 1838 3427 scripsi.
1882 3335 1954 3405 Nec
1974 3338 2154 3405 deterreor
2166 3333 2254 3403 belli

1255 3440 1433 3531 periculis.
1484 3436 1558 3508 Res
1582 3439 1677 3506 enim
1702 3452 1869 3523 testatur,
1905 3462 1970 3507 vos
1990 3432 2160 3507 hactenus
2182 3435 2255 3504 cle-

1231 3580 1235 3613 t
1255 3555 1392 3609 menter
1404 3551 1581 3629 protectos
1598 3562 1669 3608 esse
1685 3564 1704 3608 a
1720 3536 1814 3623 Deo,
1842 3564 1947 3632 quem
1973 3563 2056 3623 oro,
2087 3551 2127 3607 ut
2151 3538 2254 3606 dein-

1256 3664 1336 3731 ceps
1353 3654 1387 3708 et
1403 3664 1460 3707 me
1476 3653 1510 3708 et
1526 3637 1701 3708 Ecclesias
1724 3635 1852 3709 barum
1874 3642 2061 3728 regionum
2085 3650 2256 3731 protegat,

1256 3755 1291 3811 et
1305 3736 1462 3811 scholam
1477 3741 1659 3824 restituat,
1691 3742 1813 3834 inqua
1830 3742 1889 3832 pio
1907 3742 2025 3811 studio
2042 3741 2255 3811 illustratam

1257 3868 1330 3914 esse
1345 3867 1465 3911 veram
1489 3843 1689 3911 doctrinam
1711 3843 1814 3912 multi
1840 3843 1892 3933 pii
1915 3868 1997 3912 vere
2020 3856 2055 3911 et
2077 3842 2256 3933 sapienter

1257 3946 1455 4016 iudicantes
1470 3945 1589 4013 testari
1606 3959 1765 4036 possunt.
1801 3939 1855 4014 Ac
1872 3945 2029 4035 prolecto
2048 3943 2158 4034 impia
2172 3964 2256 4013 cru·

1258 4049 1382 4118 delitas
1400 4061 1450 4116 est
1471 4042 1645 4130 hostium,
1679 4048 1741 4139 qui
1765 4046 1965 4116 doctrinam
1989 4070 2110 4115 veram
2133 4058 2168 4115 et
2190 4046 2257 4114 do-

1258 4154 1392 4221 ctrinae
1412 4144 1607 4238 hospitium
1625 4150 1743 4217 delere
1760 4164 1946 4221 conantur.
1998 4146 2068 4219 Sed
2084 4145 2182 4217 Deus
2195 4169 2256 4215 ex·

1258 4254 1378 4322 audiet
1400 4251 1551 4339 gemitus
1574 4252 1770 4320 multorum
1791 4252 1831 4319 in
1847 4247 2016 4321 Ecclesiis
2036 4250 2166 4341 passim
2190 4268 2256 4339 pro

1258 4354 1363 4423 nobis
1377 4353 1613 4444 precantium.

1258 4706 1326 4780 No.
1343 4706 1458 4783 3824.

1266 4804 1437 4832 Μ

2132 4721 2152 4782 6
2181 4709 2258 4798 Apr.

2128 4807 2257 4831 Μ·

1609 4891 1659 4980 G.
1683 4889 1863 4977 Sabina.

1330 5073 1426 5128 Manlii
1447 5072 1545 5143 larrng.
1567 5071 1762 5146 priil’sqq.
1805 5074 1904 5127 Select.
1927 5073 2003 5142 epist.
2026 5094 2051 5142 p.
2068 5072 2128 5127 819.
2172 5072 2258 5142 Epist.

1361 5145 1407 5195 bb.
1428 5142 1448 5195 l·
1474 5162 1499 5211 p.
1520 5144 1582 5195 4145.
1616 5144 1691 5209 (edit.
1712 5143 1799 5196 Lond.
1819 5144 1867 5195 lib.
1885 5144 1904 5197 l.
1928 5162 1970 5211 ep.
1989 5144 2068 5209 128)
2098 5172 2129 5182 -
2177 5142 2257 5197 Edita

1362 5211 1442 5264 etiarn
1463 5212 1491 5263 in
1512 5210 1606 5265 Sabini
1633 5212 1803 5281 poematibus
1829 5212 1916 5280 (Lips.
1937 5212 2014 5264 1578.
2035 5214 2075 5274 8.)
2121 5212 2200 5266 .471.
2223 5241 2259 5253 -

1364 5280 1546 5351 Apogcaphon
1570 5282 1597 5332 in
1615 5283 1677 5334 cod.
1700 5280 1783 5335 Goth.
1809 5282 1866 5333 191.
1892 5300 1915 5351 p.
1931 5282 1973 5347 6.,
2011 5282 2073 5336 cod.
2092 5229 2176 5335 (loth.
2198 5283 2260 5334 tot.

1361 5369 1390 5420 p.
1405 5352 1479 5414 125„
1498 5361 1524 5402 et
1538 5348 1566 5401 in
1583 5349 1644 5403 cod.
1656 5349 1738 5419 Lang.
1758 5370 1784 5420 p.
1800 5347 1852 5405 lb.

1296 5550 1326 5623 *J
1346 5553 1508 5619 Albesium,
1525 5553 1613 5609 filium
1626 5548 1721 5611 Sabini
1735 5576 1764 5610 ex
1780 5557 1876 5625 Anna,
1894 5557 2021 5627 quivero
2038 5576 2107 5629 puer
2121 5559 2198 5614 obiit.
