4882 6436
291 385 366 464 279

297 583 358 630 seu
387 555 601 626 turbulentis
634 575 695 622 seu
721 547 924 641 tranquillis
951 547 1187 638 temporibus,
1221 545 1287 612 do-

298 662 410 731 ctrina
437 681 526 749 opus
545 669 616 735 est,
642 667 677 723 et
691 653 873 745 aliquanto
890 663 970 742 post
984 666 1196 719 emersuram
1215 667 1287 715 esse

297 788 339 832 ex
354 763 397 830 iis
412 761 532 844 bellis,
558 759 688 850 quibus
703 778 799 824 nunc
815 752 1035 836 concutitur,
1061 776 1136 819 non
1153 749 1289 821 dubito.

298 863 397 934 Haec
421 887 501 932 cum
525 859 720 930 existimem
745 879 808 925 vos
830 878 970 950 quoqne
1003 854 1174 943 cogitare,
1214 874 1290 919 non

298 967 508 1059 deponenda
524 977 576 1032 cst
589 985 671 1031 cura
689 959 741 1028 rei
757 959 943 1028 literariae.
994 951 1086 1024 Cum
1103 955 1212 1045 igitur
1227 976 1292 1022 au-

297 1070 423 1138 xilium
441 1090 461 1136 a
476 1066 578 1134 vobis
600 1076 769 1151 cognatus
787 1075 900 1129 vester
915 1046 1209 1152 Christophorus
1228 1077 1291 1146 pe·
1391 1069 1398 1080 ·

299 1185 368 1248 tat.
399 1191 611 1258 magnopere
635 1187 801 1244 vosoro,
827 1175 867 1231 ut
879 1185 958 1229 eum
974 1160 1159 1230 adiuvetis.
1210 1155 1292 1225 Ma-

300 1297 367 1363 gna
385 1272 478 1341 enim
494 1294 571 1359 spes
588 1283 656 1350 est,
683 1265 712 1333 si
727 1263 832 1333 suerit
847 1264 1007 1345 adiutus,
1031 1260 1211 1332 Ecclesiae
1225 1255 1293 1326 Dei

299 1376 435 1445 utiliter
452 1371 667 1440 serviturum
685 1389 768 1439 esse.
808 1363 935 1433 Multis
954 1364 1049 1432 enim
1066 1379 1212 1433 naturae
1227 1363 1293 1429 do-

299 1479 396 1547 tibus
417 1486 563 1544 ornatus
588 1482 654 1553 est,
698 1491 786 1560 quae
816 1466 853 1533 iu
878 1463 1123 1535 Ecclesiastico
1149 1467 1292 1534 doctore

299 1579 552 1670 requiruntur,
591 1571 776 1654 facundia,
813 1569 1005 1652 modestia,
1041 1591 1169 1636 canora
1194 1589 1292 1635 voce.

300 1677 356 1750 Ad
376 1674 439 1746 has
458 1675 589 1744 accedit
606 1675 770 1741 voluntas
788 1685 823 1740 et
838 1670 998 1739 inductio
1014 1671 1136 1754 animi,
1161 1683 1202 1739 ut
1217 1690 1293 1735 ma-

299 1783 393 1852 xime
409 1778 527 1867 cupiat
541 1774 617 1845 Deo
636 1776 672 1842 in
690 1776 847 1842 docenda
867 1772 1009 1842 coelesti
1033 1772 1194 1842 doctrina
1219 1793 1292 1838 ser-

300 1885 387 1955 vire.
438 1880 548 1951 Recte
563 1879 657 1946 enim
676 1877 829 1957 iudicat,
855 1870 922 1943 hoc
942 1875 1098 1943 officinm
1115 1871 1190 1942 Deo
1215 1894 1294 1961 gra-

299 1986 477 2061 tissimum
492 2004 577 2060 esse,
595 1993 629 2047 et
644 1980 738 2047 inter
751 1972 905 2046 humana
920 1976 1039 2044 omnia
1056 1975 1295 2066 praecipuum.

300 2084 358 2158 Ad
383 2081 451 2154 boc
476 2084 588 2172 igitur
605 2103 735 2148 munus
757 2079 982 2147 mediocriter
1005 2101 1041 2145 se
1062 2075 1292 2168 praeparavit.

299 2186 435 2259 Didicit
450 2197 540 2253 artes
554 2183 658 2251 utiles
674 2184 715 2249 ad
733 2181 980 2249 illustrandam
999 2181 1197 2249 doctrinam
1215 2200 1295 2246 coe-

302 2292 442 2371 lestem3
471 2288 530 2355 sed
548 2308 674 2372 magna
691 2282 838 2351 omnino
856 2304 911 2350 res
925 2296 982 2363 ‚est
1005 2282 1193 2372 complecti
1216 2279 1294 2348 ani-

300 2417 361 2461 mo
385 2390 505 2459 omnia
527 2383 705 2456 Ecclesiae
729 2399 905 2473 tempora,
939 2405 1147 2472 cognoscere
1174 2381 1294 2451 omnia

301 2492 483 2564 doctrinae
498 2489 703 2572 certamina,
728 2486 937 2555 confirmare
952 2484 1126 2554 iudicium
1144 2486 1188 2553 de
1202 2484 1295 2552 veris

300 2593 496 2665 sententiis.
550 2589 634 2658 ldeo
652 2588 784 2657 versari
803 2587 938 2656 diutius
966 2587 1005 2654 in
1027 2587 1154 2656 studiis
1175 2586 1295 2654 litera-

298 2721 398 2775 rum,
426 2692 550 2762 audire
564 2693 706 2776 doctos,
731 2703 765 2759 et
782 2690 943 2758 conferre
956 2688 1118 2758 omnium
1141 2701 1294 2757 aetatum

301 2796 491 2868 sententias
506 2794 621 2885 cupit,
645 2805 685 2861 ut
699 2795 744 2862 ad
758 2814 889 2860 munus
904 2790 1154 2863 difficillimum
1169 2789 1296 2858 melius

299 2903 492 2970 instnrctus
510 2896 661 2965 accedat.
711 2891 818 2963 Hunc
840 2894 945 2963 talem
965 2893 1125 2963 animum
1145 2894 1296 2983 probare

301 3026 368 3074 nos
390 3003 505 3082 decet,
532 3010 565 3066 et
586 3009 731 3088 propter
754 2995 933 3086 publicam
955 2991 1133 3064 Ecclesiae
1158 2994 1295 3064 utilita-

300 3121 392 3188 tem,
418 3115 451 3171 et
467 3101 550 3194 quia
566 3100 679 3168 virtus
696 3089 961 3193 Christophori
974 3111 1131 3166 meretur
1145 3097 1297 3165 laudem.

303 3206 424 3295 Quare
440 3226 504 3271 vos
520 3202 625 3271 etiam
645 3213 750 3291 atque
768 3199 871 3269 etiam
893 3221 1000 3287 rogo,
1026 3213 1077 3283 ut,
1103 3223 1183 3268 cum
1200 3210 1297 3270 tanta

304 3330 384 3399 spes
401 3305 445 3373 sit
461 3305 537 3372 fore
554 3316 591 3371 ut
614 3297 681 3370 hoc
703 3313 860 3370 vestrum
883 3301 1095 3369 beneficium
1119 3300 1296 3390 praeclare

304 3397 514 3487 collocetur,
563 3417 724 3494 sumptus
757 3403 956 3472 studiorum
990 3401 1022 3469 ei
1054 3400 1296 3491 suppeditetis.

303 3511 376 3582 Nec
399 3507 645 3576 deterreamini
669 3505 901 3595 temporibus.
964 3500 1083 3572 Etiam
1114 3504 1150 3570 in
1170 3503 1297 3571 mediis

302 3612 407 3682 bellis
431 3630 569 3679 necesse
594 3621 644 3676 est
671 3606 831 3676 invocari
855 3629 987 3674 nomen
1005 3605 1067 3672 lilii
1083 3601 1163 3676 Dei.
1215 3603 1296 3673 Non

295 3715 413 3802 'igitur
426 3735 521 3780 nunc
540 3710 750 3801 deponenda
767 3720 851 3778 sunt
865 3708 1000 3791 studia,
1024 3708 1115 3775 sicut
1131 3705 1297 3775 Ieremias

304 3818 344 3886 in
363 3816 449 3883 urbe
472 3814 585 3882 cincta
607 3810 794 3880 obsidione
815 3825 933 3880 tamen
957 3809 1129 3877 scribebat
1156 3809 1298 3877 concio-

304 3943 366 3986 nes
383 3939 462 3986 suas
479 3913 681 4002 profuturas
696 3911 786 4002 piis,
813 3912 872 4004 qui
893 3924 977 3980 tunc
993 3912 1159 3992 aderaut,
1185 3922 1220 3979 et
1234 3935 1299 3999 po-

305 4020 416 4088 steris.
468 4015 580 4105 Spero
597 4015 700 4082 etiam
722 4010 838 4082 Deum
855 4013 957 4082 citius
971 4013 1202 4101 depulsurum
1228 4034 1299 4079 esse

305 4119 456 4189 'l'urcica
479 4117 590 4197 mala,
622 4117 653 4183 si
677 4137 743 4183 nos
769 4117 811 4183 ad
836 4116 950 4205 ipsum
975 4112 1234 4202 confugiemus,
1266 4126 1300 4181 et

306 4221 421 4293 studia
466 4217 627 4288 coelestis
667 4217 848 4286 doctrinae
889 4215 1093 4306 diligentius
1134 4216 1300 4284 tractabi-

306 4347 385 4393 mus
398 4315 446 4415 *).
500 4317 599 4391 Vale.

335 4569 649 4669 (Melanthea
684 4569 805 4642 belli
829 4566 1100 4644 Germanici
1132 4597 1273 4642 caasa

702 4671 902 4761 exulat.)

1141 4850 1297 4859 m

916 4946 974 5005 18·
991 4938 1070 5001 Nor.
1098 4936 1300 5018 (Desseriae.)

919 5032 1286 5070 ων

307 4939 375 5013 Νο.
389 4934 502 5013 5614.

310 5037 516 5071 Μ

679 5119 930 5208 Consilium.

379 5299 492 5354 mirum
512 5280 655 5356 {naen
679 5302 708 5356 a
730 5300 797 5354 nec
819 5298 923 5354 conen.
943 5300 987 5353 m.
1013 5299 1043 5356 e.
1060 5300 1079 5353 1.
1094 5319 1125 5423 p.
1140 5300 1244 5373 esan.
1265 5329 1299 5343 -

411 5370 576 5442 Apograpba
593 5371 621 5423 in
643 5373 705 5427 cod.
726 5370 809 5425 Gotb.
823 5371 865 5426 19.
885 5389 911 5442 p.
927 5369 986 5439 95,
1009 5370 1036 5423 iu
1057 5387 1091 5425 co

309 5497 517 5512 m

343 5564 376 5630 .*)
396 5563 466 5621 cod.
480 5565 561 5622 Mon.
573 5566 618 5624 90.
632 5567 811 5644 menemus,
827 5577 854 5622 et
865 5584 922 5623 uon
934 5566 1014 5623 bcbet
1028 5567 1110 5624 Vale.

883 367 1317 449 llPlS'l'OLARUM
1367 365 1545 444 utun.
1598 362 1728 438 1546.

2256 355 2336 429 280

1460 533 1539 591 ab.
1565 538 1654 604 (quae
1671 526 1824 602 apograpba
1852 544 1964 597 prorsus
1988 526 2181 597 congruunt),
2212 523 2240 577 in
2269 523 2334 579 cod.

1440 555 1537 659 italio.
1559 603 1593 657 ll.
1633 600 1714 655 ‚122
1735 610 1760 652 et
1783 599 1810 652 in
1824 597 1886 652 cod.
1900 596 2019 651 Servest.
2036 615 2064 666 p.
2079 595 2136 649 158.
2157 623 2191 634 -
2228 594 2336 650 toseri-

1440 674 1499 746 ptio
1520 672 1589 745 apud
1606 622 1742 724 dentium
1761 678 1815 720 estc
1836 671 1908 737 „Aa
1929 677 1956 717 et
1969 669 2113 788 puoarodo
2127 683 2181 727 pra
2194 667 2336 716 aduersa-

1440 746 1490 797 riis
1508 744 1650 795 orandum
1670 741 1726 791 sit?
1748 740 1836 790 Anno
1859 736 1933 789 ists.
1954 739 1965 788 l
1989 737 2053 788 aaa
2066 735 2202 787 Navemb.
2221 732 2337 799 Pana-

1436 830 1491 881 μω
1504 812 1667 864 Melanthea
1680 810 1749 860 haee
1765 805 1876 870 scribsit
1890 804 2077 858 Dessave'ae.”
2096 803 2144 856 Sic
2157 803 2238 856 etiam
2250 801 2337 857 codd.

1443 879 1580 943 Gotbaui,
1600 878 1644 947 qui
1661 895 1725 929 vero
1741 875 1828 932 diem.
1847 892 1949 926 annum
1965 885 1991 927 et
2003 872 2095 926 locum
2109 890 2163 924 non
2179 873 2288 927 babent.
2299 903 2338 914 -

1441 951 1510 1004 Cod.
1524 949 1638 1004 Servest.
1652 946 1748 999 babet:
1768 947 1908 1011 quomado
1919 961 1974 1007 pro
1988 944 2054 994 aliie
2065 951 2092 993 et
2102 958 2155 1007 pra
2170 959 2201 994 se
2211 958 2338 1008 precan-

1442 1025 1510 1073 dum
1532 1021 1581 1073 sit.
1604 1044 1638 1058 -
1674 1012 1799 1067 Perelius
1817 1023 2008 1082 argumentum
2031 1010 2182 1066 accuratius
2203 1010 2339 1069 indicavit

1441 1092 1497 1144 sic:

1342 1247 1402 1319 De
1417 1246 1640 1345 quaestione,
1655 1264 1748 1343 pirae
1765 1251 1919 1335 tempore
1937 1234 2029 1308 belli
2038 1239 2246 1330 germanici
2254 1237 2339 1338 suit

1691 1336 1991 1424 ἐπιπωλάξουσα·

1344 1448 1458 1522 Anio
1507 1448 1646 1523 recidas
1664 1443 1856 1539 Ecclesiae?
1874 1439 2034 1540 publicis
2054 1437 2240 1541 faciendo
2263 1463 2340 1513 esse

1426 1477 1595 1625 vidintur
1610 1548 1745 1621 mentio
1760 1541 1897 1621 Caroli
1916 1543 1965 1621 V.
1983 1542 2255 1643 Imperatoris?

1341 1692 1486 1775 Verum
1512 1720 1562 1775 est
1584 1703 1675 1772 illud
1699 1699 1887 1792 antiquum
1912 1696 2062 1766 dictum:
2088 1686 2340 1764 Precationem

1343 1831 1433 1903 opus
1451 1831 1524 1877 esse
1541 1799 1824 1904 difficillimum.
1875 1797 1923 1871 Et
1939 1798 2072 1868 multae
2088 1813 2173 1868 suut
2185 1821 2341 1881 caussae,

1344 1912 1426 2004 quia
1443 1910 1553 1980 multa
1570 1907 1676 1977 simul
1691 1905 1876 1994 cogitanda
1893 1915 1991 1970 sunt:
2019 1898 2137 1988 Quem
2150 1898 2267 1970 Deum
2282 1899 2344 1967 in-

1345 2035 1466 2095 voces,
1494 2036 1558 2097 an,
1585 2023 1619 2080 et
1644 2028 1796 2077 curuos
1822 2003 1998 2077 exaudiat.
2063 2000 2161 2073 Haec
2187 2000 2342 2072 intentio

1345 2129 1395 2185 est
1410 2115 1521 2183 labor.
1571 2110 1711 2181 Deinde
1728 2110 1813 2178 lides
1828 2123 1880 2177 est
1895 2107 1998 2175 labor
2020 2105 2152 2189 maior,
2177 2105 2341 2174 accedere

1345 2219 1386 2286 ad
1403 2215 1531 2301 Deum,
1556 2239 1635 2284 cum
1654 2234 1719 2281 nos
1737 2213 1915 2280 deterrent
1929 2221 2081 2299 peccata,
2108 2221 2142 2276 et
2158 2220 2342 2298 expectare

1345 2319 1537 2396 auxilium,
1566 2340 1645 2386 cum
1668 2313 1893 2383 destituimur
1918 2310 2120 2379 visibilibus
2142 2307 2343 2401 praesidiis.

1346 2415 1491 2490 Accedit
1507 2435 1540 2490 et
1551 2415 1789 2510 consideratio
1806 2428 1946 2484 nostrae
1966 2411 2182 2481 necessitatis
2197 2423 2232 2480 et
2252 2409 2343 2480 alie-

1345 2546 1422 2595 nae.
1482 2519 1526 2590 In
1548 2534 1682 2590 tantam
1705 2518 1910 2601 varietatem
1934 2515 2154 2584 obiectorum
2181 2512 2342 2582 animum

1345 2626 1546 2694 intendere:
1574 2637 1608 2692 et
1624 2621 1730 2690 simul
1756 2619 1855 2710 angi,
1883 2633 1918 2689 et
1938 2616 2050 2686 lenire
2075 2604 2237 2686 dolorem
2261 2613 2345 2699 tide,

1345 2722 1570 2796 haecomnia
1603 2722 1760 2793 diflicilia
1792 2745 1884 2806 esse,
1924 2718 2080 2788 ostendit
2113 2717 2355 2808 experientia..

1345 2828 1416 2899 Sed
1434 2853 1513 2898 cum
1530 2828 1670 2896 invocat
1686 2827 1764 2917 pius
1778 2825 1817 2893 in
1836 2824 1956 2918 aliquo
1978 2845 2061 2891 vero
2085 2820 2228 2906 dolore,
2254 2814 2344 2888 haec

1346 2930 1464 3000 omnia
1484 2942 1714 3013 concurrunt,
1733 2940 1767 2997 et
1782 2927 1863 2999 talis
1874 2924 1987 2995 oratio
2004 2937 2057 2994 est
2071 2924 2204 2996 efficax.
2229 2919 2343 2993 Multi

1345 3048 1462 3104 autem
1477 3044 1669 3124 quaerunt:

1447 3133 1638 3223 Quomodo
1663 3154 1729 3222 pro
1752 3129 1831 3198 aliis
1854 3129 1899 3198 sit
1924 3128 2126 3197 orandum?
2160 3124 2224 3219 qui
2248 3149 2345 3194 non-

1346 3240 1430 3306 dum
1449 3237 1667 3324 cogitarunt,
1693 3233 1873 3325 quomodo
1891 3255 1955 3321 pro
1974 3229 2096 3319 seipsis
2112 3227 2240 3297 orent?
2291 3225 2344 3298 Et

1346 3339 1409 3432 qui
1426 3341 1470 3407 de
1485 3337 1607 3428 seipsis
1629 3359 1704 3404 non
1723 3346 1919 3421 anguntur,
1945 3331 2058 3400 multo
2081 3331 2194 3399 levius
2215 3342 2344 3399 curant

1346 3442 1498 3509 aliorum
1521 3439 1681 3508 salutem.
1735 3433 1855 3523 Quare
1876 3436 2019 3524 prodest
2042 3433 2080 3500 in
2107 3432 2343 3501 concionibus

1347 3543 1518 3633 populum
1542 3540 1586 3609 ile
1611 3538 1675 3610 tali
1696 3537 1786 3606 seria
1810 3536 2051 3619 invocatione,
2083 3549 2117 3604 et
2139 3534 2344 3603 considera-

1347 3646 1443 3714 tione
1459 3641 1674 3712 necessitatis
1693 3653 1832 3708 nostrae
1855 3638 2044 3727 diligenter
2065 3637 2343 3706 commoneface-

1349 3771 1396 3818 re.
1448 3741 1540 3817 Oret
1554 3744 1662 3833 igitur
1676 3738 1892 3831 †primnm”
1908 3740 2057 3832 quisque
2073 3762 2138 3828 pro
2155 3760 2242 3822 sese,
2259 3738 2344 3832 quia

1347 3845 1561 3939 lprimum”
1575 3857 1715 3935 oportet
1729 3843 1886 3931 singulos
1902 3840 2056 3930 sibiipsis
2078 3852 2195 3929 petere
2217 3840 2344 3909 remis-

1348 3950 1485 4019 sionem
1506 3961 1748 4038 peccatorum,
1781 3957 1900 4036 postea
1924 3939 2102 4024 lauteni*¹
2124 3966 2189 4032 pro
2216 3939 2345 4013 Eccle-

1349 4052 1398 4121 sia
1416 4065 1450 4120 et
1464 4049 1597 4142 politia.

1452 4167 1525 4238 lam
1541 4161 1601 4234 bic
1617 4176 1771 4258 quantus
1789 4160 1891 4229 labor
1911 4174 1962 4230 est
1988 4161 2141 4251 cogitare
2169 4160 2214 4229 de
2238 4160 2345 4228 mise-

1350 4271 1412 4341 riis
1434 4267 1632 4348 Ecclesiae,
1672 4279 1706 4335 et
1734 4277 1852 4356 petere
1876 4277 1916 4334 ut
1936 4259 2033 4333 Deus
2053 4276 2152 4352 regat
2171 4259 2346 4333 Doctores

1349 4371 1546 4456 Ecclesiae,
1571 4369 1738 4438 defendat
1754 4365 1889 4451 studia,
1913 4366 2013 4434 tollat
2036 4364 2202 4444 dissidia,
2228 4365 2346 4456 repri-

1350 4490 1423 4546 mat
1441 4474 1615 4566 sapientes
1630 4468 1844 4561 Epicureos,
1870 4481 1904 4536 et
1918 4463 2139 4561 hypocritas,
2164 4480 2200 4538 et
2219 4481 2346 4537 contra

1351 4575 1415 4647 bos
1432 4579 1512 4645 edat
1529 4572 1730 4644 testimonia
1746 4571 1785 4658 in
1801 4570 1964 4639 iuvandis
1983 4570 2065 4659 piis.
2118 4567 2244 4639 Postea
2267 4593 2346 4638 ma·

1350 4702 1440 4768 gnus
1456 4692 1506 4747 est
1522 4677 1627 4747 etiam
1647 4668 1804 4762 labor¹)‚
1828 4671 1981 4759 cogitare
1997 4673 2042 4741 de
2056 4671 2208 4739 miseriis
2223 4670 2262 4739 iu
2278 4695 2346 4762 po·

1349 4781 1444 4851 litica
1465 4777 1739 4870 gubernatione,
1772 4776 1815 4842 de
1837 4773 1959 4856 bellis,
1980 4774 2025 4841 de
2042 4770 2250 4865 Principum
2270 4758 2366 4844 dic-⁴

1350 4882 1500 4965 cordiis,
1523 4883 1566 4950 de
1582 4892 1729 4969 egestate
1743 4873 1885 4967 propria
1904 4889 1938 4946 et
1951 4875 2077 4949 aliena.
2187 4890 2196 4897 ·

1449 4995 1547 5066 Inter
1575 4990 1639 5064 bas
1660 4992 1889 5083 cogitationes
1911 4989 2016 5060 etiam
2039 5012 2211 5082 personae
2232 5002 2267 5060 et
2288 5013 2345 5060 res

1350 5100 1601 5170 discernendae
1616 5110 1709 5167 sunt.
1760 5093 1893 5162 Paulus
1906 5116 1981 5162 uun
1996 5109 2074 5164 orat
2094 5117 2158 5183 pro
2174 5092 2347 5183 †politia,

1351 5227 1424 5272 non
1439 5215 1517 5272 orat
1533 5197 1624 5292 pr0”
1641 5196 1794 5268 Nerone.
1846 5194 1916 5265 Sed
1933 5191 2058 5266 Esaias
2081 5208 2160 5265 orat
2182 5193 2290 5265 simul
2307 5189 2345 5291 ²)

1112 5369 1218 5441 .Gotb.
1238 5371 1297 5431 191.
1349 5387 1573 5400 -····-··-

1384 5485 1411 5550 1>
1431 5482 1495 5537 Per.
1511 5498 1636 5550 magnus
1649 5482 1728 5539 ledor
1739 5489 1795 5541 est.
1815 5482 1913 5536 atam.

1382 5568 1411 5639 Ξ)
1430 5570 1519 5623 annul
1528 5567 1659 5622 omittunt
1672 5563 1754 5622 codd.
1767 5562 1852 5620 Goth.
1866 5574 1894 5620 et
1907 5561 1968 5621 cod.
1980 5561 2075 5619 bleba.
