4882 6426
314 331 435 457 47¹

317 576 376 651 gen
396 551 472 643 bot,
505 545 579 644 oud)
603 549 696 639 bitin
717 542 810 634 libre
833 543 918 618 einen
939 542 1119 638 dtipttben
1144 543 1306 638 dictant

319 653 433 757 [bess.
457 653 536 728 nicb
552 673 586 725 εε
602 649 688 741 telbst
702 648 806 738 mitten
823 647 870 720 tie
885 645 1015 721 dataro
1027 669 1064 741 nc
1077 650 1232 735 etinnnn.
1245 647 1308 738 bot

318 761 359 851 fit
371 755 454 851 nint
470 753 615 830 ltnlcout
631 755 808 843 tionesque
821 746 926 839 toties.

676 851 849 945 &obtutus
865 847 1088 942 nogentsous
1109 847 1227 934 bonet
1242 846 1289 926 D.

679 955 813 1046 Caspar
827 953 1030 1040 Creutziger
1048 949 1094 1023 D.

685 1052 876 1148 Philippus
893 1048 1118 1125 Melanthon.
1222 1087 1224 1091 v

422 1223 498 1297 tutte
519 1219 661 1311 befinben
683 1220 756 1313 ond)
783 1215 1118 1310 authenticitatem
1138 1225 1204 1288 unt
1224 1232 1311 1308 auge:

321 1327 431 1418 [ortt.
456 1325 519 1416 boi
539 1326 599 1395 otte
616 1322 725 1413 unless
741 1320 854 1406 {theiis
869 1322 1094 1414 §eloquentes
1117 1319 1182 1390 eine
1204 1317 1311 1403 ilco:

322 1425 521 1516 tetlotion
543 1425 659 1518 gethan
679 1428 742 1495 unt
766 1422 1012 1495 ibccontnottet
1030 1417 1194 1516 boben*),
1219 1421 1311 1492 botin

276 1530 279 1535 '
322 1529 362 1618 fic
384 1529 553 1613 botteben,
578 1528 638 1616 bot
663 1524 702 1614 tie
726 1524 782 1615 tid)
805 1524 865 1614 out
885 1524 930 1595 bie
944 1523 1020 1612 tenc
1043 1520 1312 1614 octingenteno

320 1628 404 1722 [den
421 1626 601 1720 bonfilius
614 1626 735 1717 aubin,
760 1628 819 1717 top
834 1624 873 1714 tie
891 1625 1047 1717 bictetbigc
1062 1624 1167 1713 butten
1181 1625 1245 1695 unb
1259 1628 1313 1697 bos

321 1732 371 1804 bei
393 1751 430 1822 με
448 1728 565 1802 bleiben
587 1726 734 1820 petentia
745 1773 756 1815 ,
781 1730 845 1799 unb
862 1727 974 1799 moilen
996 1726 1035 1817 [ie
1050 1725 1119 1816 jepo
1131 1751 1196 1817 pro
1212 1750 1312 1818 repe-

315 1834 388 1906 tita
398 1832 524 1922 butten,
538 1832 601 1904 unt
618 1827 719 1918 baben
733 1827 772 1915 dc
788 1828 841 1921 ftc
857 1829 904 1899 ote
919 1826 1013 1918 vente
1028 1824 1199 1899 catholica
1216 1824 1314 1917 brist.

323 1932 395 2024 lide
418 1931 504 2023 teht.
562 1929 701 2020 ttetdcs
728 1931 806 2021 ohne
828 1929 952 2021 ssneitet
975 1928 1149 2027 grimaneo„
1179 1929 1239 2016 top
1260 1935 1314 2002 bn

324 2033 510 2127 degentia!
528 2034 608 2127 nid>t
622 2033 703 2106 εἰηεε
716 2029 878 2121 dolatico.
895 2050 933 2120 tn
950 2039 1109 2122 genottcn
1127 2029 1215 2120 boba

322 2400 392 2474 No.
417 2345 529 2470 81182.
1150 2360 1207 2469 ir.
1228 2401 1314 2463 Febr.

280 2499 543 2537 flw
1092 2492 1308 2543 ,Μ

689 2561 740 2642 tt.
769 2559 980 2668 Myconio.

287 2735 288 2744 ¹
394 2725 472 2779 Edita
491 2741 506 2776 a
526 2720 668 2794 Snegasaio
687 2737 730 2789 ep.
749 2717 792 2772 66.

323 2877 536 2958 Reverendo
564 2877 658 2958 ciro,
686 2871 887 2959 eruditione
906 2883 937 2943 et
955 2873 1084 2944 virtute
1095 2880 1314 2971 praestanti,

325 2985 495 3058 Domino
522 2974 772 3050 Friderico
798 2971 1038 3071 Myconio,
1064 2971 1218 3050 Pastori
1239 2978 1316 3052 Ec-

327 3085 459 3160 clesiae
484 3080 563 3153 Dei
588 3080 627 3151 in
654 3073 788 3177 oppido
812 3071 960 3163 Gotho,
988 3077 1107 3148 amico
1134 3089 1165 3150 et
1191 3082 1319 3180 fratri

706 3203 774 3250 suo
798 3178 924 3250 carisa.

318 3303 373 3397 S
400 3315 446 3395 D.
485 3315 699 3409 Laudabunt
706 3311 922 3393 Dominum,
939 3312 1001 3406 qui
1016 3317 1205 3407 requirunt
1220 3346 1316 3394 eum:

326 3425 450 3495 vivent
464 3421 572 3490 corda
586 3440 708 3486 eorum
725 3417 764 3484 in
779 3417 936 3486 seculum
953 3417 1073 3496 seculi,
1092 3419 1318 3513 inquitPsal-

327 3549 418 3594 mus.
470 3522 551 3593 Scio
569 3533 602 3589 te
624 3519 731 3588 fuisse
747 3519 841 3589 inter
856 3517 935 3608 pios
950 3514 1138 3591 Ministros
1155 3521 1318 3616 Evange-

327 3628 388 3711 lii,
411 3623 631 3717 requirentes
653 3615 781 3694 Deum.
832 3617 917 3689 Ideo
942 3632 976 3688 et
993 3629 1031 3687 tu
1055 3623 1216 3695 laudabis
1237 3653 1316 3698 cum

328 3726 464 3797 laetitia
487 3725 581 3791 inter
597 3715 792 3811 Prophetas
810 3735 844 3790 et
857 3716 1050 3811 Apostolos
1062 3729 1243 3798 communi
1259 3754 1318 3798 ex-

329 3830 482 3898 sultans:
510 3837 544 3891 et
557 3822 653 3890 vivet
669 3845 730 3890 cor
745 3835 846 3890 tuum
861 3821 900 3888 in
916 3821 1073 3891 seculum
1090 3829 1210 3903 seculi.
1245 3829 1319 3900 Ta-

328 3930 425 3999 libus
449 3941 482 3997 te
505 3922 803 4018 promissionibus
816 3919 886 3991 Dei
903 3921 999 3990 veris.
1017 3938 1052 3995 et
1066 3928 1177 3997 firmis
1193 3955 1319 4002 conso-

329 4032 416 4100 lare.
468 4023 643 4095 Fortassis
658 4025 743 4092 etin
758 4018 825 4092 bac
840 4023 913 4094 vita
928 4026 1023 4114 apud
1037 4027 1259 4103 dulcissimos
1275 4035 1320 4101 li-

329 4133 434 4222 beros
462 4141 543 4197 tuos
564 4117 680 4194 adbuc
715 4124 970 4218 aliquantisper
998 4127 1159 4201 laudabis
1183 4133 1318 4221 Deum;

330 4232 447 4326 quod,
470 4242 511 4299 ut
525 4227 604 4307 fiat,
628 4239 723 4314 opto.
768 4225 809 4296 si
825 4237 906 4294 ante
922 4249 978 4326 me
995 4251 1035 4296 ex
1050 4225 1115 4300 hac
1131 4258 1322 4305 aerumno-

330 4357 368 4402 sa
382 4333 456 4401 vita
472 4324 695 4409 evocaberis‚
720 4326 784 4396 ubi
804 4341 926 4417 potero
949 4326 1068 4400 liberis
1091 4335 1161 4404 tuis
1177 4337 1322 4408 benefa-

332 4457 430 4519 cere,
449 4430 577 4501 iaciam
598 4426 758 4519 fideliter,
809 4425 906 4496 Bene
921 4428 1012 4503 vale.
1040 4435 1097 4506 12.
1112 4434 1197 4511 Feb.
1214 4435 1323 4513 1546.

834 4523 1023 4621 Philippus
1047 4532 1272 4621 Melanthon.

333 4849 530 4980 Q.

1144 4953 1315 4989 m

682 5012 722 5098 1.
752 5014 1003 5102 Mottbeaio.

401 5181 499 5238 Manlii
513 5179 613 5301 farrap.
625 5195 653 5248 p.
664 5175 710 5233 91.
734 5176 825 5262 Epist..
833 5177 880 5234 lib.
895 5179 934 5261 ll.
947 5200 974 5252 p.
989 5180 1032 5238 ἃ.
1046 5183 1103 5252 (ed.
1118 5186 1209 5249 lond
1224 5193 1272 5253 lib,
1289 5199 1323 5252 11.

438 5248 551 5390 3⁰36.)
599 5254 688 5300 terum
706 5246 845 5302 el’eaelro
859 5249 929 5303 edita
942 5251 971 5305 in
984 5249 1052 5306 Met.
1065 5253 1171 5343 βουσὶ)
1185 5259 1232 5317 lat.
1247 5263 1280 5321 P.
1290 5266 1323 5325 ll.

336 5431 565 5452 Μ

369 5507 399 5575 ι)
417 5502 488 5563 Vide
501 5497 715 5591 illamJepistolae
729 5499 843 5567 Maioris
862 5504 890 5558 d.
905 5504 947 5560 11).
959 5483 1041 5560 F'ebr.
1053 5505 1217 5580 adiunctam,

903 366 1340 450 EPISTOLARUM
1387 372 1493 458 LIB.
1526 373 1574 464 X.
1628 369 1757 452 1⁶46.

2298 376 2348 449 48

1549 540 1604 619 D.
1630 539 1845 616 Iohanni
1869 539 2139 618 Matthesio

1353 655 1398 746 S·
1424 671 1470 748 D.
1522 673 1630 746 Velut
1653 678 1691 746 in
1714 679 1907 766 sentinam,
1941 681 1990 752 ita
2013 683 2051 749 in
2072 681 2149 750 loca
2173 704 2345 751 venarum

1354 776 1609 870 metallicarum
1631 801 1768 873 semper
1790 805 1831 851 ex
1852 783 1960 852 variis
1982 781 2159 852 Gentibus
2182 777 2346 851 homines

1356 879 1561 964 confluunt,
1580 879 1711 950 imbuti
1727 883 1874 954 diversis
1890 884 2141 976 opinionibus,
2168 898 2202 954 et
2218 907 2345 973 magna

1358 980 1584 1070 ingeniorum
1612 1005 1651 1051 ac
1679 983 1895 1055 iudiciorum
1926 986 2093 1056 varietate
2111 981 2144 1081 ¹)
2175 983 2346 1077 praediti,

1357 1105 1509 1174 quorum
1534 1081 1638 1152 multi
1661 1084 1765 1154 etiam
1786 1087 1916 1156 curiosi
1940 1101 1976 1157 et
1999 1088 2140 1156 fallaces
2155 1101 2247 1156 sunt.
2302 1084 2344 1155 ln

1357 1183 1421 1253 tali
1445 1196 1547 1253 coetu
1569 1185 1689 1276 aliqua
1711 1198 1828 1255 tamen
1851 1202 1903 1258 est
1917 1185 2091 1267 Ecclesiae
2127 1184 2211 1258 huic
2229 1187 2345 1257 coetui

1357 1285 1582 1354 serviendum
1600 1299 1661 1370 est,
1679 1299 1844 1358 ettamen
1861 1290 2003 1359 interim
2018 1293 2214 1359 cavendum
2231 1313 2346 1382 quan-

1359 1399 1433 1456 tum
1459 1386 1536 1455 lieri
1561 1401 1693 1477 potest,
1720 1413 1765 1458 ne
1786 1392 1951 1475 curiosis,
1976 1391 2161 1461 malevolis
2184 1405 2219 1462 et
2240 1404 2343 1482 petu-

1359 1488 1513 1557 lantibus
1529 1491 1758 1579 praebeamus
1776 1493 1972 1562 occasiones
1995 1495 2263 1563 subsannandae
2278 1495 2346 1560 do-

1359 1591 1501 1660 ctrinae.
1552 1588 1713 1660 Primum
1729 1593 1838 1684 igitur
1850 1595 2045 1687 videndum
2061 1595 2126 1664 tibi
2144 1619 2285 1678 censeo,
2300 1617 2347 1662 an

1358 1693 1509 1780 collegas
1532 1685 1662 1761 habeas
1683 1697 1939 1766 consentientes
1962 1698 2005 1765 de
2025 1697 2197 1766 mutando
2222 1697 2292 1766 ritu
2308 1697 2344 1762 in

1359 1792 1476 1861 Coena
1499 1791 1664 1863 Domini:
1707 1794 1748 1866 Si
1775 1821 1868 1867 unus
1892 1811 1954 1867 aut
1979 1798 2098 1888 plures
2121 1797 2346 1879 dissentiunt,

1360 1918 1434 1963 non
1450 1918 1572 1963 censeo
1597 1900 1798 1966 tentandam
1816 1899 2143 1971 essemutationem.
2196 1897 2344 1967 Prorsus

1360 1996 1466 2065 ctiam
1494 1998 1532 2062 iu
1557 1999 1788 2067 concionibus
1808 1995 1914 2070 huius
1933 2000 2063 2090 negotii
2091 2000 2225 2067 nullam
2244 2024 2345 2066 men·

1361 2099 1491 2167 tionem
1527 2097 1565 2163 in
1591 2100 1700 2166 ullam
1730 2116 1863 2190 partem
1890 2103 1963 2170 ficri
1990 2102 2108 2172 velim.
2169 2099 2249 2170 Scio
2272 2125 2345 2169 esse

1362 2222 1503 2287 magnas
1520 2212 1554 2267 et
1577 2200 1786 2270 iustissimas
1805 2196 1972 2295 causas²)
1989 2204 2212 2289 abrogandae
2229 2202 2345 2270 eleva-

1363 2301 1485 2384 tionis,
1514 2304 1574 2370 sed
1605 2326 1777 2373 consensu
1802 2302 2027 2395 Collegarum
2060 2304 2126 2373 tibi
2161 2327 2249 2392 opus
2284 2317 2347 2374 est.
2383 2331 2391 2344 ³

1361 2401 1450 2470 Nam
1473 2401 1533 2470 alii
1557 2403 1642 2472 alias
1664 2428 1783 2473 causas
1800 2407 1937 2485 dicent,
1962 2405 2254 2496 suspicabuntur,
2279 2404 2347 2470 lin-

1361 2517 1452 2591 gent,
1469 2519 1508 2573 ut
1525 2519 1575 2573 cst
1592 2501 1675 2573 haec
1689 2521 1781 2575 actas
1799 2509 1959 2598 suspicax
1976 2521 2010 2575 et
2023 2505 2348 2576 amanscalumnia-

1362 2629 1451 2676 rum.
1503 2605 1574 2674 Nec
1593 2607 1693 2674 facile
1718 2611 1838 2677 credas
1852 2610 2010 2697 collegis,
2035 2608 2105 2676 nisi
2124 2610 2211 2675 bene
2228 2608 2349 2696 explo-

1361 2721 1434 2775 rata
1451 2731 1573 2775 eorum
1588 2709 1781 2781 voluntate.
1831 2711 1917 2781 Sum
1942 2712 2015 2801 ipse
2028 2709 2156 2777 similia
2175 2721 2348 2798 expertus.

1361 2807 1468 2877 Multi
1492 2809 1605 2894 enim,
1629 2806 1752 2903 cum³)
1775 2812 1898 2882 vident
1919 2813 2050 2881 iudicia
2074 2812 2170 2898 vulgi
2194 2833 2265 2876 non
2292 2832 2349 2874 re-

1362 2913 1534 3001 spondere
1550 2911 1592 2979 iis
1607 2912 1764 2980 consiliis
1779 2938 1867 3005 quae
1885 2911 2141 3002 instituunt⁴),
2167 2924 2285 3002 postea
2300 2911 2349 2977 si-

1361 3013 1499 3081 mulant
1520 3036 1554 3081 se
1576 3012 1705 3082 invitos
1722 3017 1767 3082 ad
1782 3039 1821 3082 ea
1835 3016 1973 3104 negotia
1990 3026 2180 3104 pertractos
2197 3035 2287 3095 esse,
2314 3026 2350 3079 et

1362 3114 1443 3183 odia
1460 3114 1499 3181 iu
1516 3113 1604 3182 alios
1620 3116 1790 3188 derivant.
1842 3115 1960 3204 Quare
1976 3117 2074 3205 prius
2088 3138 2210 3182 censeo
2227 3113 2350 3202 explo-

1362 3217 1490 3283 randas
1515 3238 1588 3283 esse
1610 3217 1810 3287 voluntates
1831 3219 2055 3305 collegarum.
2108 3213 2241 3284 Causae
2264 3237 2348 3304 vero

1363 3317 1509 3413 allegari
1528 3317 1567 3383 in
1587 3318 1822 3386 familiaribus
1846 3318 2032 3410 colloquiis
2064 3311 2129 3386 hae
2153 3320 2243 3385 duae
2266 3340 2350 3404 pos-

1364 3432 1464 3496 sunt,
1489 3441 1571 3486 nam
1596 3418 1633 3485 in
1659 3420 1997 3511 concionibusnolo
2014 3419 2200 3511 quicquam
2215 3413 2280 3485 hac
2304 3420 2350 3483 de

1363 3544 1401 3589 re
1416 3519 1498 3590 dici.
1538 3517 1698 3589 Primum
1714 3545 1794 3589 cum
1811 3516 1983 3590 Monachi
1997 3515 2172 3615 lingant³)
2194 3520 2267 3587 fieri
2284 3520 2352 3586 ob-

1364 3621 1530 3690 lationem
1546 3645 1611 3710 pro
1629 3622 1719 3691 vivis
1733 3635 1766 3691 et
1780 3623 1948 3707 mortuis,
1973 3617 2042 3691 hoc
2056 3622 2127 3691 ritu
2144 3620 2351 3689 elevationis

1364 3746 1423 3791 eos
1439 3723 1585 3794 moveri.
1637 3721 1686 3793 Ut
1710 3725 1819 3810 igitur
1843 3725 1988 3792 tollatur
2005 3747 2122 3805 error,
2148 3718 2256 3813 ncc⁶)
2283 3745 2351 3810 pu-
2397 3808 2400 3815 Ι

1365 3837 1413 3920 tet
1428 3824 1580 3913 populus
1595 3821 1785 3893 sacerdotis
1801 3827 2031 3894 elevationem
2047 3826 2162 3892 valere
2180 3848 2243 3913 pro
2260 3822 2351 3899 aliis,

1365 3927 1575 3994 mutandum
1591 3947 1663 3992 esse
1677 3949 1812 3994 morem
1829 3926 1934 3999 dices.
1975 3924 2137 3995 Secundo
2157 3925 2352 3993 elevatione

1365 4026 1567 4095 confirmari
1595 4027 1957 4115 circumgestationem
1976 4023 2033 4121 ⁷),
2068 4051 2158 4117 quae
2179 4027 2254 4094 siue
2277 4026 2354 4093 ulla

1366 4126 1589 4197 dubitatione
1611 4139 1663 4195 est
1684 4129 1911 4202 idolomania.
1938 4207 1941 4214 ¹
1968 4126 2059 4197 Nam
2080 4125 2176 4196 Deus
2199 4152 2271 4195 uon
2301 4141 2355 4194 est

1367 4231 1410 4298 ad
1433 4228 1542 4296 ullam
1565 4250 1640 4296 rem
1665 4230 1882 4320 alligandus,
1916 4230 1979 4300 ubi
2002 4253 2038 4298 se
2060 4252 2123 4297 suo
2147 4231 2254 4298 verbo
2278 4251 2353 4295 non

1367 4329 1506 4417 alligat,
1540 4343 1581 4399 ut
1611 4345 1758 4402 nonest
1781 4333 1981 4421 alligandus
2004 4333 2047 4400 ad
2072 4343 2212 4402 statuas.
2271 4327 2356 4397 Non

1368 4444 1484 4500 autem
1515 4431 1635 4520 alligat
1664 4428 1745 4524 se⁸)
1776 4429 1939 4504 Christus
1963 4434 2009 4501 ad
2037 4440 2181 4523 panem,
2216 4432 2274 4498 sed
2309 4433 2355 4497 ad

1368 4531 1541 4601 actionem
1568 4533 1607 4601 in
1631 4558 1699 4604 usu
1715 4533 1945 4608 sacramenti.
1996 4532 2069 4603 Nec
2093 4534 2189 4600 adest
2211 4545 2356 4622 propter

1368 4656 1516 4724 panem,
1542 4635 1602 4701 sed
1621 4650 1766 4727 propter
1780 4649 1987 4705 sumentem.
2037 4631 2072 4702 Ο
2089 4629 2284 4703 horrendas
2303 4647 2356 4700 te-

1164 4872 1222 4932 18.
1236 4867 1323 4933 Febr.
1379 4909 1381 4913 <

1403 4941 1435 5010 1)
1452 4940 1541 4995 Manl.
1555 4944 1760 5012 persuasione,
1779 4945 1922 5002 mendose.

1341 5072 1343 5077 .
1403 5020 1431 5089 2)
1448 5021 1537 5079 Manl.
1554 5029 1737 5092 gravissimos
1748 5032 1883 5083 rationes.

1402 5103 1431 5171 8)
1450 5103 1535 5162 Peuc.
1553 5108 1625 5163 Sum
1637 5112 1697 5177 ipse
1708 5123 1842 5178 expertus
1856 5115 2038 5166 multoeciam
2054 5114 2109 5166 vid.
2125 5120 2179 5166 etc.

1380 5211 1386 5215 ·
1400 5189 1746 5261 91),iltant.innnuuntur.

1404 5273 1435 5340 5)
1452 5273 1539 5332 Mani.
1549 5281 1675 5348 fingunt.

1403 5359 1433 5422 6)
1451 5360 1537 5417 Manl.
1555 5383 1599 5421 ne.

1287 5464 1291 5472 ·
1335 5518 1338 5523 Δ
1403 5441 1438 5504 7)
1451 5441 1536 5497 Mant.
1556 5449 1741 5518 confirmatur
1761 5453 1994 5521 circumgestatio.

1406 5527 1434 5594 8)
1453 5529 1536 5584 Mani.
1553 5535 1701 5601 nitebatur.
1723 5612 1738 5641 ⁹
