4882 6426
195 354 270 433 sot
344 304 350 317 ’

194 533 318 602 stituat
346 525 513 600 Ecclesiis
541 527 733 621 tranquilla
764 521 926 617 hospitia.
991 524 1099 595 Mitto
1126 525 1190 594 tibi

194 636 370 725 psalmum
389 656 510 701 recens
526 635 619 722 apud
637 653 702 698 uos
716 629 862 701 editum.
911 626 1009 715 Quid
1027 629 1121 695 aliud
1140 630 1192 694 la-

193 760 273 805 cere
296 759 391 805 nuuc
415 757 601 823 possumus
624 756 729 824 quam
745 733 839 823 quod
857 742 920 798 aut
936 754 994 797 rex
1014 723 1193 817 iosaphat:

194 862 275 907 cum
300 837 476 906 nescimus
499 835 586 927 quid
609 835 654 903 sit
678 833 873 920 agendum,
909 853 986 898 ecce
1009 831 1103 899 oculi
1126 853 1192 898 no-

195 939 258 1009 stri
274 934 303 1032 ⁵)
322 940 366 1008 ad
381 951 414 1007 te
430 931 459 1032 6)
475 937 696 1026 respiciunt.
732 932 823 1004 B.-et
835 931 985 1001 feliciter
997 933 1076 1000 vale
1089 927 1129 1026 ²).

825 1281 880 1341 16.
898 1273 974 1355 Apr.
996 1268 1193 1352 (Servestue.)

820 1364 1183 1399 *m

580 1443 626 1527 P.
658 1444 808 1527 Edere.

202 1564 205 1570 '
263 1609 358 1662 Manlii
377 1608 477 1678 sarrag.
497 1626 522 1676 p.
541 1605 628 1661 359b.
663 1605 746 1678 Epist.
769 1607 815 1661 lib.
836 1607 870 1660 ll.
897 1626 924 1676 p.
948 1607 1005 1659 170.
1025 1605 1080 1673 (ed.
1101 1604 1191 1659 Lond.

297 1678 345 1732 lib.
360 1679 393 1736 ll.
416 1696 457 1747 ep.
473 1675 553 1745 119).
589 1678 693 1746 Apogr.
709 1678 736 1728 in
752 1673 987 1730 conuocatae
1002 1692 1028 1744 p.
1043 1677 1070 1729 4.

193 1272 388 1400 Q.

487 1829 542 1905 D.
567 1826 721 1902 Paulo
747 1829 902 1902 Ebero

191 1970 236 2060 S.
263 1983 307 2055 D.
360 1983 468 2076 Saepe
484 1983 707 2074 multumque
724 1983 838 2070 cogito
860 1977 942 2074 περὶ
961 1985 1025 2074 τῆς
1040 1978 1191 2066 θέσεως,

194 2094 239 2161 (10
260 2113 328 2179 qua
353 2087 537 2154 uobiscum
559 2107 632 2151 non
656 2084 829 2172 disputat,
856 2087 915 2151 sed
942 2080 1192 2176 Sycophantiis

194 2202 304 2263 certat
329 2188 389 2255 ille
405 2190 482 2256 cair
494 2187 690 2280 μαργιιιῦα
706 2197 811 2256 vates.
865 2182 906 2251 ln
923 2194 992 2276 qua
1008 2185 1192 2274 cogitatio-

194 2318 258 2379 ne,
286 2289 423 2383 quoties
449 2287 589 2355 intueor
614 2298 761 2353 matrem
781 2285 1008 2354 dimicantem
1022 2311 1086 2378 pro
1100 2287 1193 2356 libe·
1239 2314 1248 2330 ·

194 2396 264 2479 ris,
306 2411 451 2482 prorsus
484 2387 678 2478 acquiesco.
754 2385 926 2476 Fingant,
971 2389 1193 2470 cavillentur,

196 2507 367 2590 quaerant
381 2489 583 2582 praestigias
596 2501 636 2558 ut
651 2487 771 2557 volent
784 2484 981 2586 μαργέταις
1009 2512 1131 2558 omnes
1147 2490 1193 2557 il-
1210 2492 1212 2500 “

194 2599 249 2667 lae
275 2595 394 2664 futiles
416 2590 657 2660 cavillationes
678 2590 861 2659 eliduntur
883 2591 1093 2679 cogitatione
1117 2615 1190 2658 ma-

195 2715 317 2770 ternae
335 2712 369 2766 01
384 2707 548 2785 paternae
567 2695 735 2787 στοργῆς.
772 2690 841 2760 Sed
861 2692 915 2759 illi
931 2716 1051 2760 vocem
1066 2707 1193 2761 sonant

184 2799 392 2893 ”parricidae
410 2785 530 2872 Cain,
557 2789 594 2863 τί
615 2817 678 2884 μοι
693 2788 789 2883 μέλει
808 2785 985 2887 ἀδελφοῦ.
1036 2789 1193 2863 Omitta.

196 2925 276 2972 mus
301 2901 410 2990 igitur
432 2897 513 2964 illos
529 2889 792 2989 Sycophantas,
824 2906 859 2962 et
882 2916 1061 2984 speremus
1082 2892 1192 2964 aDeo

197 3002 389 3084 auxilium,
415 2998 473 3068 eui
495 3020 598 3066 curae
612 3008 694 3064 sunt
709 3010 792 3064 tuus
806 2987 969 3080 Paulas,
993 3008 1027 3066 et
1042 3009 1102 3066 tua
1118 2991 1193 3063 He-

198 3103 305 3190 iena,
337 3125 425 3195 quae
449 3100 525 3189 ipso
549 3097 695 3165 nomine
721 3110 754 3165 te
777 3098 944 3166 admonet
967 3096 1081 3167 Deum
1105 3120 1194 3166 esse:

201 3214 295 3295 nam
312 3190 368 3284 5η
379 3195 428 3298 ¹⁸).
458 3198 615 3292 Expecto
632 3189 942 3295 Chrisloplsoram
956 3191 1194 3269 Pannonium

200 3323 233 3378 et
254 3289 442 3376 Doctorem
476 3295 759 3384 Wenceslaam,
789 3301 918 3392 quibus
940 3301 1061 3371 omnia
1083 3304 1194 3372 fausta

197 3434 332 3502 precor.
393 3403 542 3474 Gaudeo
563 3405 679 3471 virum
705 3403 947 3471 doctissimum
973 3417 1007 3472 et
1030 3405 1195 3472 omnibus

198 3511 391 3580 virtutibus
425 3521 589 3575 ornatum
623 3495 833 3571 Iohannem
868 3498 1118 3600 Aurisabram
1151 3508 1194 3571 ad

197 3609 482 3682 honestissimam
501 3605 685 3691 coniugem
702 3617 736 3672 et
752 3604 910 3672 sobolem
926 3627 1105 3674 reversum
1125 3626 1197 3674 esse

197 3713 425 3791 incolumem,
452 3729 556 3798 quem
574 3705 703 3795 opinor
715 3728 771 3772 me
784 3703 1000 3774 defensionis
1015 3705 1092 3775 iure
1107 3698 1198 3797 ὁμό-

198 3835 331 3908 ψηφον
359 3806 509 3892 habere,
536 3807 734 3876 intuentem
763 3828 855 3880 suos.
912 3806 1047 3899 Scripsi
1068 3808 1198 3898 episto-

198 3917 269 3986 lam
288 3907 370 4006 napi
385 3903 621 4004 ἀρχαιρεσίας
636 3899 716 4002 **),
744 3932 831 4001 qua,
857 3908 888 3976 si
905 3908 1010 3994 libet,
1036 3909 1198 3981 utamini.

200 4016 416 4090 Ridebimur
433 4037 451 4078 a
467 4010 747 4090 hrrisconsultis‚
775 4012 873 4103 quod
888 4006 1003 4080 adhuc
1018 4033 1198 4103 speramus

200 4132 357 4188 nostram
385 4110 581 4208 Sareptam
613 4135 816 4180 mansuram
842 4128 925 4185 esse.
988 4110 1060 4183 Sed
1081 4110 1197 4182 Deum

200 4245 266 4291 oro
286 4232 325 4289 ut
346 4241 422 4286 eam
450 4216 625 4285 defendat.
683 4210 780 4283 Bene
804 4212 893 4287 vale.
951 4209 1060 4294 †16.
1082 4211 1200 4306 April.

203 4318 314 4396 1547.
341 4315 550 4391 Servestae.'’
573 4319 701 4401 (111001.)
785 4410 787 4414 Ι
1062 4322 1070 4332 ’
1149 4354 1152 4359 -

215 4530 461 4542 ——uu--a--n
472 4526 601 4536 -.mnan-0-
606 4520 1169 4534 -ffl-a———naev-m⁴
1176 4523 1184 4528 ·-

1009 4650 1090 4738 (16.
1103 4650 1199 4735 apr.)

1019 4744 1191 4777 “d

456 4834 457 4838 ‘
545 4802 590 4890 C.
625 4802 863 4915 Cruaigero.

215 4996 221 5003 -
273 4966 357 5036 Epist.
372 4966 417 5020 lib.
433 4965 481 5022 lli.
496 4985 522 5039 p.
537 4968 598 5027 161.
617 4965 673 5034 (ed.
684 4964 775 5019 Lond.
790 4963 837 5019 lib.
854 4961 903 5019 111.
919 4980 962 5035 ep.
977 4964 1044 5033 115).
1077 4965 1201 5039 sporn·

308 5035 358 5106 pha
372 5035 400 5088 in
416 5036 496 5092 codd.
511 5037 592 5094 Goth.
606 5035 666 5093 191.
683 5053 712 5107 p.
726 5034 780 5102 st,
793 5030 892 5088 01101.
912 5051 937 5103 p.
951 5031 1019 5089 21111.

216 5184 223 5197 ⁸
238 5199 266 5268 5)
283 5200 375 5252 nostri
387 5197 450 5253 cod.
464 5197 550 5253 Paris.
566 5218 622 5254 000
637 5163 725 5254 babel.

240 5285 270 5354 6)
287 5282 358 5338 cod.
372 5282 457 5354 hang.
470 5287 567 5351 adte,
585 5287 673 5341 Deus.

240 5371 269 5438 7)
290 5369 358 5423 Batt.
373 5368 463 5422 addit:
483 5387 511 5422 a.
530 5369 624 5422 1547.

239 5455 272 5524 ¹¹)
293 5452 362 5507 eod.
382 5450 467 5506 Goth.
481 5453 541 5507 401.
559 5434 622 5521 51),
644 5452 727 5509 Peste.
746 5437 804 5518 itt,
826 5452 914 5513 Meni.
932 5431 1117 5524 praetermisit.

240 5537 290 5607 *1)
311 5535 452 5592 Eieetione
464 5534 589 5592 hectoris
603 5539 737 5594 Auden.
772 5537 837 5594 Vid.
850 5539 927 5610 epist.
940 5557 996 5611 seq.

712 467 713 470 Ὺ
783 345 1226 447 0000000000
1275 348 1463 431 mm
1516 351 1651 429 1⁶47.
1736 298 1739 302 ‘

2157 360 2235 434 602

1238 512 1462 596 Clarissimo
1483 525 1577 612 viro,
1603 524 1805 598 eruditione
1827 539 1858 600 et
1875 530 2002 602 virtute
2012 530 2233 628 praestanti,

1238 622 1291 696 D.
1308 618 1522 724 Casparo
1539 622 1574 699 C
1579 631 1808 724 racigero,
1825 629 1985 702 Ductori
1995 629 2032 701 T
2031 629 2232 727 heologiae,

1428 729 1547 800 amico
1564 739 1596 801 et
1606 732 1734 830 fratri
1746 759 1814 804 suo
1832 734 2042 820 carissimo,

1237 867 1280 959 S.
1307 891 1352 964 D.
1402 891 1480 966 Etsi
1504 898 1678 988 sapienter
1701 899 1820 992 inquit
1836 901 1890 969 vir
1906 899 2118 970 fortissimus
2137 903 2232 989 apud

1237 989 1434 1091 Homerum
1451 995 1494 1091 ¹):
1530 994 1623 1070 ἀλλὰ
1645 995 1691 1070 τὰ
1714 997 1784 1092 μὲν
1804 995 2057 1094 προτετύχθαι
2074 993 2231 1091 ἐάσομεν

1238 1090 1441 1189 ἀχνύμενοί
1460 1100 1549 1195 nep:
1580 1115 1699 1169 tamen
1722 1127 1795 1171 non
1817 1126 1959 1194 possum
1975 1128 2048 1173 non
2064 1117 2157 1171 retro
2175 1127 2231 1171 re-

1238 1197 1368 1289 spicere
1381 1203 1425 1268 ad
1441 1227 1578 1270 eausam
1592 1198 1619 1297 ²)
1632 1228 1881 1273 aerumnarum
1892 1221 2102 1287 nostrarum,
2118 1206 2230 1272 idem-

1238 1325 1305 1392 que
1326 1301 1405 1370 aliis
1428 1304 1549 1371 multis
1571 1306 1726 1373 accidere
1753 1306 1923 1375 existimo.
1988 1301 2040 1374 Ac
2060 1307 2141 1396 plus
2164 1306 2231 1372 ali-

1238 1417 1369 1494 quanto
1409 1429 1594 1473 causarum
1635 1407 1846 1495 cogitatione
1884 1405 2087 1476 cruciantur
2119 1406 2230 1475 animi

1238 1526 1343 1596 quam
1365 1504 1448 1593 ipsis
1475 1509 1671 1580 eventibus.
1734 1507 1804 1576 Sed
1826 1502 1922 1576 itunc
1943 1508 2101 1577 dolorem
2125 1509 2229 1575 etiam

1237 1604 1328 1672 ferre
1359 1607 1551 1689 discamus,
1585 1623 1619 1678 et
1649 1634 1668 1679 a
1694 1606 1769 1678 Deo
1794 1621 1953 1701 petamus
1974 1609 2230 1696 mitigationem

1237 1729 1498 1775 aerumnarum.

1338 1802 1504 1878 Bactrus
1544 1811 1716 1898 singulari
1750 1812 1916 1895 consilio,
1955 1826 1995 1881 ut
2029 1812 2232 1894 ratiociuoe,

1236 1931 1335 1978 suam
1358 1911 1534 1980 civitatem
1561 1914 1664 1980 uobis
1687 1926 1823 2004 purgat.
1874 1912 1975 1998 Scio,
2009 1937 2131 1982 omnes
2155 1936 2231 2001 spes

1237 2011 1288 2078 illi
1307 2014 1545 2102 pependissca
1562 2009 1771 2083 Macedone
1782 2011 1820 2106 ³),
1846 2015 1909 2105 qui
1927 2029 2109 2106 postquam
2125 2014 2232 2105 ἔπτη-

1237 2112 1292 2197 ξε,
1328 2108 1493 2206 ἀλέκτωρ
1517 2109 1667 2187 δούλιον
1677 2114 1707 2209 ⁴)
1734 2110 1784 2195 ὡς
1804 2113 1932 2198 κλίνας
1952 2109 2107 2209 πτερόν,
2136 2140 2232 2193 ruru-

1237 2238 1342 2305 quam
1367 2216 1546 2298 dubitavi,
1573 2228 1647 2286 e'am
1671 2211 1920 2313 †praesertim
1943 2218 2119 2286 civitatem
2130 2216 2145 2234 ”
2168 2220 2232 2284 ab·

1271 2328 1405 2384 eturam
1426 2318 1587 2409 clypeum
1604 2333 1637 2387 et
1653 2315 1800 2391 hastam.
1842 2315 1896 2387 De
1911 2320 2084 2388 mittendo
2103 2320 2233 2406 guber-

1237 2430 1360 2486 natore
1377 2419 1576 2487 studiorum
1593 2422 1635 2489 ad
1657 2416 1814 2490 montem
1832 2415 2072 2510 Carpathum,
2101 2420 2188 2488 scito
2204 2416 2232 2511 ⁸)

1238 2513 1442 2586 Erasmam
1464 2522 1640 2590 medicum
1656 2546 1755 2590 snam
1770 2546 1913 2612 operam
1928 2522 2076 2605 offerre,
2101 2522 2161 2613 qui
2179 2533 2233 2589 ta-

1237 2643 1319 2688 men
1337 2621 1435 2710 prius
1452 2617 1555 2690 isthic
1571 2647 1650 2691 cum
1668 2624 1872 2693 doctoribus
1887 2623 2082 2692 medicinae
2098 2622 2232 2691 delibe-

1238 2721 1342 2792 rabit.
1394 2719 1433 2790 Si
1457 2722 1548 2791 alius
1572 2724 1639 2794 erit
1659 2726 1872 2809 mittendus,
1897 2711 2123 2818 †Cratoni”
2147 2745 2234 2792 een·

1238 2845 1297 2891 seo
1311 2823 1541 2894 deferendum
1557 2818 1585 2920 6)
1605 2825 1641 2894 id
1655 2822 1684 2917 ⁷)
1702 2826 1895 2913 negotium.
1949 2823 2031 2905 ille,
2059 2824 2120 2918 qui
2136 2849 2232 2894 nuuc

1239 2935 1291 2994 est
1314 2924 1353 2991 in
1373 2925 1505 3014 patria,
1531 2951 1611 2995 eum
1628 2927 1746 2996 iudico
1760 2921 1790 3022 ³)
1807 2928 1975 2996 idoneum
1991 2949 2082 3010 esse,
2110 2927 2232 3016 etipse

1239 3024 1308 3095 sibi
1329 3037 1363 3096 et
1384 3027 1598 3117 reipublicae
1615 3029 1694 3119 plus
1710 3028 1918 3119 profuturus
1936 3041 2023 3097 esset
2042 3029 2079 3095 iu
2099 3051 2138 3096 eo
2153 3053 2234 3095 mu-

1240 3150 1336 3207 nere,
1362 3151 1470 3219 quam
1484 3129 1522 3196 iu
1537 3129 1690 3221 politicis
1705 3124 1735 3225 9)
1751 3129 2052 3221 disputationibus
2070 3152 2156 3222 quas
2171 3151 2234 3218 ap-

1240 3229 1365 3321 petivit
1380 3225 1432 3322 ¹⁰).

1341 3327 1396 3399 De
1417 3325 1544 3400 Alesia
1566 3329 1658 3404 nihil
1681 3334 1737 3424 agi
1751 3358 1848 3404 nune
1864 3331 1902 3428 ¹¹)
1925 3347 2048 3424 potest.
2102 3330 2234 3419 Scripsi

1242 3431 1526 3525 qualemcunque
1559 3435 1742 3524 epistolam
1777 3430 1859 3528 περὶ
1892 3428 2165 3528 dpgsottptoiac'⁹
2182 3429 2234 3524 ¹²),

1241 3547 1283 3603 ut
1305 3534 1448 3602 voluisti
1466 3531 1524 3626 ¹¹),
1559 3559 1665 3627 quam
1689 3537 1814 3624 legito,
1839 3551 1892 3621 et,
1916 3538 1944 3604 si
1971 3538 2101 3625 placet,
2127 3549 2236 3607 utere.

1242 3632 1459 3704 Ridebimur
1473 3658 1494 3704 a
1510 3632 1774 3722 iureconsultis,
1800 3640 1896 3730 quod
1916 3661 2108 3728 speramus,
2136 3660 2237 3704 man-

1243 3758 1362 3805 suram
1386 3759 1459 3805 esse
1480 3749 1636 3805 nostram
1658 3736 1853 3829 Sareptam.
1919 3738 1987 3808 Sed
2004 3735 2100 3807 Deus
2123 3751 2237 3826 potest

1244 3859 1310 3906 nos
1323 3859 1472 3912 servare.
1525 3834 1566 3911 B.
1580 3837 1624 3915 V.

1250 4012 1479 4028 *—

1280 4105 1306 4172 1)
1323 4101 1390 4157 vid.
1403 4100 1486 4156 ilum.
1498 4100 1560 4155 ilias
1575 4100 1607 4154 T.
1630 4102 1674 4154 65.

1278 4207 1307 4275 Ξ)
1325 4203 1394 4259 cod.
1411 4200 1497 4258 Goth.
1509 4202 1569 4256 sot.
1582 4215 1691 4254 masas.

1224 4314 1227 4322 '
1279 4306 1308 4373 8)
1327 4305 1404 4361 Pez.:
1424 4324 1443 4357 a
1457 4304 1496 4357 N.

1279 4408 1308 4474 s)
1327 4403 1397 4460 Cod.
1419 4401 1502 4458 Goth.
1521 4399 1579 4455 191.
1601 4396 1715 4461 dantem
1745 4398 1807 4454 eod.
1829 4396 1913 4467 Goth.
1929 4396 1989 4449 101.
2008 4391 2127 4461 δούλαν,
2158 4408 2240 4446 men-

1313 4474 1391 4529 dose.

1279 4580 1306 4648 6)
1326 4577 1388 4632 Pes.
1401 4578 1469 4629 0010.

1279 4680 1307 4748 6)
1326 4675 1396 4732 cod.
1408 4672 1490 4729 Goth.
1505 4673 1564 4728 191.
1581 4671 1799 4742 deseniendans.

1279 4784 1310 4847 7)
1328 4780 1368 4849 id]
1387 4777 1450 4832 eod.
1464 4773 1548 4830 Goth.
1563 4772 1621 4829 191.
1635 4790 1702 4829 esse.

1279 4887 1310 4956 8)
1329 4883 1376 4938 sie
1388 4876 1610 4936 0016010191.
1628 4904 1661 4916 -
1678 4871 1868 4956 801Ρο001100
1882 4871 1974 4927 bsbet:
1992 4871 2022 4924 id
2035 4870 2179 4936 negotium
2190 4866 2243 4932 att,
2257 4941 2259 4944 Α

1316 4954 1365 5024 qui
1376 4966 1448 5004 nune
1461 4955 1503 5001 est
1517 4947 1546 4998 in
1556 4945 1673 5017 patriis.
1700 4943 1738 4995 Et
1752 4943 1851 4996 iudico.

1281 5056 1309 5124 9)
1328 5051 1398 5107 Cot.
1414 5047 1496 5104 Goth.
1514 5033 1701 5100 1911101100.
1737 5043 1880 5097 Fortasse:
1896 5043 2006 5105 0011010.

1283 5155 1326 5223 10)
1344 5151 1431 5205 Totus
1450 5147 1542 5201 locus:
1570 5145 1617 5199 De
1635 5145 1774 5225 mittendo
1790 5143 1979 5209 gubernatore
1999 5164 2032 5180 -
2049 5163 2080 5178 ·-
2099 5135 2244 5200 appetivit,

1317 5223 1345 5275 in
1360 5217 1422 5275 ced.
1434 5215 1517 5270 Goth.
1531 5216 1593 5268 401.
1606 5223 1812 5285 praetermissus
1825 5217 1875 5264 est.

1284 5324 1332 5390 ll)
1350 5335 1423 5373 nune
1438 5313 1513 5368 abest
1527 5330 1541 5366 s
1553 5311 1616 5367 eod.
1631 5309 1714 5365 Goth.
1730 5308 1789 5364 191.

1285 5424 1329 5492 ts)
1346 5421 1367 5474 i.
1378 5437 1402 5472 0.
1417 5416 1451 5469 de
1464 5410 1591 5484 eligendo
1607 5402 1824 5465 tintoriscii.

1284 5527 1329 5600 13)
1347 5531 1378 5578 ut
1392 5517 1509 5573 voluisti
1525 5517 1606 5572 codd.
1621 5514 1799 5570 0001010οι.

1378 5689 1386 5703 ,
1450 5605 1535 5683 sa*
