4882 6426
195 331 273 410 sos
727 292 1223 425 ‘urrsroraauu
1273 273 1454 398 music.
1507 311 1641 398 esen.
2159 318 2237 396 eoo

199 504 271 577 eris
290 498 465 587 alterius,
491 493 556 570 itti
575 494 791 597 promittite.
843 489 897 566 Ac
913 489 943 589 ²)
966 506 1058 563 recte
1076 492 1195 561 iudico
1238 487 1349 582 phum
1366 492 1457 564 duos
1473 493 1734 589 quaterniones.
1778 493 1872 565 Volo
1888 507 2005 564 autem
2021 486 2112 562 mihi
2127 491 2242 581 signi-

198 607 471 679 discernendum
488 625 561 675 esse
576 626 694 675 casum
709 597 903 671 deditionis
917 620 1032 669 acasu
1047 592 1196 669 Conses-
1237 595 1334 667 licari
1349 611 1521 690 quantum
1540 592 1677 686 habeat,
1703 625 1743 670 ac
1760 599 1947 689 impressas
1962 594 2116 687 pagellas
2133 593 2242 666 mitti.

198 708 320 782 sionis.
362 708 505 780 Deinde
519 707 685 777 voluntas
702 716 877 795 spectetur
893 701 1007 786 iniis,
1033 701 1095 795 qui
1111 700 1195 770 talia
1237 698 1305 771 Die
1324 700 1383 769 17.
1396 699 1595 772 Februarii.

198 813 338 882 decreta
352 812 523 894 condunt,
550 823 584 878 et
598 821 713 899 partes
728 806 868 876 munire
885 806 1022 876 volunt.
1073 799 1101 884 †
1116 800 1196 872 Etsi

198 927 314 985 autem
333 913 503 983 dimicare
525 934 689 1002 cuperem
705 909 743 977 in
764 903 831 976 hac
851 921 971 976 nostra
994 919 1108 996 parte,
1141 916 1196 973 ta-

197 1012 299 1086 men'’
324 1037 399 1084 non
422 1013 542 1083 iudico
564 1007 779 1102 sophismata
793 1010 939 1077 ferenda
954 1030 1046 1091 esse,
1071 1019 1105 1075 et
1120 1005 1195 1097 pias
1253 1033 1321 1109 No·
1348 1033 1463 1110 3741·
2091 1048 2150 1110 19·
2166 1040 2242 1112 Feb.

197 1130 333 1187 mentes
355 1117 466 1206 magis
487 1117 703 1199 turbandus,
736 1110 941 1203 praesertim
966 1133 1045 1178 cum
1069 1121 1103 1177 et
1119 1109 1196 1176 fru-
1247 1132 1459 1172 new
2096 1133 2239 1162 sas»

198 1233 270 1291 stra
287 1219 507 1311 praecipiant
522 1209 704 1299 ἀδύνατα,
732 1227 767 1283 et
783 1214 978 1291 multorum
995 1211 1196 1280 voluntates
1356 1207 1361 1220 '
1648 1186 1818 1271 Eidem.

199 1322 368 1391 alienent.
418 1319 512 1390 Satis
535 1318 757 1386 miseriarum
777 1316 881 1385 estin
898 1313 1098 1392 deditione,
1121 1335 1194 1379 non
1306 1345 1402 1400 Manlii
1424 1346 1524 1417 pam&
1543 1350 1645 1417 p.196.
1682 1349 1796 1422 Epistol.
1816 1348 1863 1403 tib.
1879 1347 1914 1406 H·
1933 1370 1959 1419 p·
1975 1348 2032 1405 155,
2052 1351 2130 1417 (em.
2150 1351 2240 1407 tm

198 1445 388 1512 augeamus
415 1423 574 1490 dolorem
597 1419 678 1509 piis.
736 1417 875 1486 Nollem
897 1416 1005 1505 igitur
1026 1415 1194 1504 scripturn
1343 1416 1434 1473 lihll.
1448 1421 1584 1498 ep.149.).
1604 1449 1640 1460 -
1658 1420 1841 1492 apographon
1856 1420 2121 1477 ioeodfflouraot.
2135 1421 2241 1494 pase.

198 1519 331 1594 Manli
363 1523 419 1592 edi
455 1522 487 1591 el
526 1516 682 1615 δευτέρα
714 1515 809 1618 λέγει
845 1523 899 1612 τῷ
937 1510 1196 1610 ἇμοσὸορφίῳ.
1405 1541 1409 1549 ·
1530 1573 1572 1645 D
1610 1572 1648 1647 P
1718 1577 1735 1648 l
1789 1574 1860 1646 Εὖ

199 1626 338 1699 Deinde
361 1624 391 1692 si
407 1623 679 1693 deliberationes
696 1635 778 1692 sunt
794 1624 837 1690 de
851 1645 954 1712 pace,
980 1620 1096 1708 spargi
1111 1639 1197 1686 con·
1575 1632 1584 1653 ·
1649 1603 1706 1650 ⁰¹¹
1742 1603 1763 1648 ⁰
1868 1599 1942 1646 ⁶7⁰

151 1735 156 1748 “
198 1728 287 1799 vitia
301 1728 339 1796 in
355 1726 512 1796 vicinum
528 1751 603 1796 non
620 1738 672 1794 est
685 1715 785 1794 utile.
825 1719 923 1793 Duas
936 1721 1037 1790 vobis
1051 1717 1195 1810 Episto-
1238 1710 1285 1801 S,
1311 1727 1355 1800 Ι),
1408 1718 1639 1823 DeCosoiga
1656 1729 1913 1820 ,mmmm
1950 1725 2150 1798 &atenim
2167 1730 2240 1799 qm

199 1831 251 1901 ¹¹³⁸
267 1830 389 1913 milwe
416 1851 504 1926 quas
522 1826 735 1899 ReverendO
752 1823 796 1898 D·
814 1817 951 1893 Pil-⁹1⁰7
953 1822 968 1891 ἱ
987 1838 1021 1892 θῑ
1037 1819 1080 1890 D·
1098 1814 1197 1889 Pon·
1239 1833 1441 1902 faciendum
1459 1833 1496 1899 in
1514 1823 1647 1911 Colen,
1675 1833 1738 1901 ubi
1753 1826 1956 1899 Ascanium
1972 1833 2015 1899 de
2032 1831 2167 1919 magnis
2179 1855 2240 1901 re-

201 1939 292 2001 l⁰⁰⁰
313 1932 418 2019 1⁰8⁰&
469 1928 892 1999 Benevaleetrescribe.
944 1924 1012 1996 Die
1028 1948 1107 1992 1⁰⁰⁰
1124 1922 1197 1992 Na·
1240 1938 1306 2004 bus
1335 1935 1559 2025 loquentem,
1594 1934 1651 2001 vel
1676 1934 1793 2024 potius
1820 1947 2045 2024 quaerentem
2070 1933 2181 2003 libere
2205 1948 2241 2004 et

202 2034 265 2104 ¹²¹5
284 2033 341 2108 16·
353 2032 558 2117 Februarii,
583 2026 691 2100 A¹¹¹¹0
710 2022 821 2099 1547·
1241 2037 1316 2105 sine
1334 2035 1458 2106 aulicis
1473 2035 1668 2103 involucris
1685 2036 1817 2106 audivi.
1859 2032 1942 2103 Dixi
1961 2035 2066 2103 etiam
2083 2036 2128 2102 de
2146 2058 2243 2125 pace,

1254 910 1654 921 *uem-...m—
1663 908 2010 918 -——---—----——---.—·
2017 906 2050 915 u.
2061 906 2241 915 ’.ιη-ιι...-

1242 2152 1276 2208 et
1291 2140 1335 2206 de
1353 2138 1448 2207 bello
1466 2162 1555 2229 quae
1571 2137 1689 2206 iudico
1707 2161 1779 2204 esse
1795 2137 1955 2206 dicenda.
1992 2133 2121 2205 Coram
2138 2136 2242 2206 vobis

667 2240 1197 2260 ’““““’“”““’““’“”””’““
1241 2235 1307 2309 hos
1330 2263 1511 2308 sermones
1536 2264 1718 2328 exponam.
1772 2236 1828 2306 lbi
1852 2239 1957 2307 etiam
1982 2238 2103 2307 audivi
2126 2230 2242 2307 aPa-

201 2399 269 2473 No·
281 2395 396 2473 3740·
1039 2400 1097 2462 17.
1113 2392 1200 2454 Febr.
1241 2349 1337 2411 slore
1352 2337 1542 2413 Ecclesiae,
1569 2337 1665 2410 hunc
1681 2365 1814 2410 annum
1831 2341 1963 2431 pariter
1977 2339 2084 2409 luisse
2097 2340 2243 2409 fatalem

218 2496 387 2529 m

575 2508 585 2522 ι
657 2503 666 2512 ·
1024 2482 1196 2512 »ων
1243 2444 1369 2535 apibus
1394 2457 1427 2513 et
1450 2438 1677 2512 scholasticis.
1730 2441 1853 2535 ltaque
1878 2443 1981 2511 mitto
2004 2442 2072 2512 tibi
2094 2441 2241 2511 cellulas

583 2578 632 2666 P·
665 2575 818 2660 Ehem·
1145 2610 1149 2618 .
1243 2547 1281 2614 in
1305 2545 1435 2638 quibus
1460 2545 1598 2613 videbis
1620 2545 1733 2614 iacere
1759 2557 1915 2613 mortuas
1938 2544 2105 2635 apiculas.
2159 2540 2243 2614 Uti.

305 2732 307 2738 ,
1243 2672 1344 2731 nam,
1380 2663 1420 2717 ut
1442 2672 1460 2715 e
1484 2661 1587 2717 tauro
1612 2660 1847 2716 renascuntur
1868 2670 1964 2738 apes:
2005 2645 2052 2714 ita
2074 2645 2177 2715 nohis
2199 2669 2242 2714 ex

271 2744 357 2817 ttpin.
373 2742 422 2800 ¹³¹³·
436 2742 470 2797 ¹¹·
490 2760 517 2814 P·
531 2739 591 2794 ¹⁶²·
611 2739 666 2833 (ed.
682 2736 771 2794 Μ·
789 2736 838 2792 ¹³¹³·
851 2736 886 2791 ¹¹·
894 2755 942 2837 fl·
956 2734 1038 2806 ¹⁵⁹·l·
1243 2750 1385 2820 victima
1398 2744 1667 2835 Christi-nostra
1684 2748 1844 2818 examina
1860 2763 2099 2820 renascantur.
2131 2740 2241 2837 Apud

496 2896 541 2968 D
575 2893 613 2968 P
683 2867 727 2967 l·
754 2895 825 2967 Εὖ
1244 2846 1477 2920 Aristotelem
1503 2865 1571 2937 est,
1605 2847 1649 2922 οὐ
1671 2848 1743 2946 πρὸ
1767 2849 1931 2943 ἐπιπολῆς
1950 2843 2121 2929 πλειάδος
2139 2843 2240 2947 γίνε-

542 2947 551 2969 ’
615 2923 728 2969 ⁰⁸⁰
834 2921 907 2969 ΠΟ
1245 2953 1338 3025 σθαι
1360 2950 1452 3044 μέλι.
1510 2949 1605 3042 Ergo
1629 2948 1773 3044 ἐπιτολὴ
1796 2953 1829 3021 ei
1851 2967 1902 3021 est
1925 2950 2107 3023 Cosmicus
2130 2964 2241 3031 ortus,

203 3033 247 3125 S.
273 3049 319 3125 D.
380 3047 456 3120 lam
478 3047 667 3118 accersitus
691 3071 769 3117 sum
792 3049 837 3117 ad
854 3042 1057 3118 Ascanium
1081 3072 1122 3118 ex
1144 3072 1203 3119 ca·
1245 3081 1316 3149 quo
1339 3050 1539 3149 tompore¹)
1562 3055 1665 3124 mella
1692 3079 1711 3124 e
1734 3055 1823 3123 lavis
1847 3055 1951 3124 etiam
1970 3056 2064 3145 apud
2083 3052 2242 3121 nosexi-

176 3155 286 3249 *stris
304 3175 484 3223 reversum
501 3139 713 3243 C⁰Sligaffb
739 3152 836 3219 unde
852 3152 896 3219 ad
912 3174 975 3220 vos
990 3151 1203 3256 proficiscar,
1243 3171 1404 3228 muntur.
1443 3154 1560 3251 Atque
1578 3156 1714 3227 utinam
1730 3152 1923 3226 habeamus
1939 3139 2101 3248 ἐπιτολὴν
2116 3147 2244 3226 πλειά-

180 3254 341 3325 ¹niside
367 3253 572 3322 narratione
597 3246 754 3319 Ascanii
776 3252 965 3320 consilium
989 3255 1201 3322 mutandum
1244 3255 1309 3339 (λος
1325 3261 1566 3353 tranquillam,
1603 3257 1657 3328 De
1673 3259 1832 3328 versibus
1850 3260 1982 3327 nostris
1998 3273 2129 3329 statues
2144 3258 2245 3350 quod

205 3357 295 3429 erit.
335 3353 504 3424 Nondum
524 3352 619 3418 enim
634 3353 705 3420 scio
724 3376 787 3420 cur
803 3376 859 3419 me
873 3353 1018 3440 vocarit,
1044 3368 1078 3423 et
1090 3356 1201 3423 multa
1244 3362 1443 3434 videbitur.
1486 3360 1568 3429 Non
1591 3357 1763 3451 prohibeo
1788 3361 1940 3429 adscribi
1961 3385 2079 3429 meum
2099 3383 2244 3428 nomen.

205 3456 374 3550 suspicor.
424 3452 477 3523 De
493 3449 695 3522 Dialecticis
714 3454 800 3524 scito
818 3477 874 3520 me
892 3468 1105 3543 postremam
1119 3480 1202 3546 par·
1243 3458 1370 3533 Menii
1392 3462 1538 3554 epistola
1562 3487 1646 3532 sane
1663 3462 1792 3551 tragice
1807 3463 1936 3553 scripta
1952 3462 2050 3547 foicg
2068 3463 2129 3530 sed
2144 3462 2245 3554 quod

204 3575 276 3632 lem
298 3556 415 3648 operis
440 3568 650 3648 pertexere„
672 3555 710 3622 511
732 3578 801 3647 qua
816 3579 917 3645 saepe
932 3580 1006 3625 non
1023 3557 1139 3627 solum
1155 3557 1202 3625 li·
1245 3588 1280 3633 se
1294 3568 1332 3633 in
1350 3590 1413 3635 suo
1431 3565 1562 3655 scripto
1580 3590 1658 3633 cum
1675 3563 1845 3640 Pontifice
1863 3563 2046 3633 dimicasse
2062 3564 2119 3647 ait,
2140 3577 2245 3654 opta-

204 3665 288 3733 bros
310 3660 370 3729 sed
392 3657 497 3727 eliam
521 3679 700 3726 sermones
721 3670 855 3726 vestros
879 3658 1052 3730 desidero.
1110 3657 1202 3728 Pro·
1243 3668 1311 3734 rim
1329 3655 1408 3735 aliis
1422 3666 1530 3734 armis
1546 3667 1755 3756 praeliatum
1775 3690 1857 3738 esse.
1906 3664 2056 3737 Senatus
2071 3664 2248 3734 Noriber-

205 3766 295 3834 fecto
318 3776 358 3832 ut
383 3760 475 3828 illud
499 3782 580 3827 vere
603 3758 753 3841 dicitur,
782 3762 871 3849 μιᾶς
888 3755 1012 3853 χειρὸς
1038 3756 1202 3853 ἀσθενὴς
1242 3765 1357 3858 gensis
1374 3758 1594 3836 Camerario
1617 3763 1757 3838 etmihi
1774 3763 1969 3858 hospitium
1987 3769 2100 3837 ollert.
2157 3761 2199 3834 V
2197 3763 2248 3834 iti

204 3856 327 3958 μάχη,
354 3863 402 3931 ita
424 3861 463 3928 in
481 3855 537 3929 his
554 3860 684 3929 nostris
703 3860 828 3928 studiis
843 3861 1031 3930 collatione
1049 3862 1201 3931 iudicio·
1244 3885 1278 3938 et
1291 3865 1517 3963 Hieronymi
1536 3869 1655 3939 literas
1678 3870 1742 3938 tibi
1767 3870 1882 3940 mitto.
1916 3866 2009 3958 ,Ego
2032 3893 2104 3937 non
2121 3869 2246 3939 minus

205 3990 299 4044 rum.
324 3963 549 4032 sermonibus
564 3975 599 4030 ot
616 3960 784 4051 exemplis
798 3960 1017 4031 eruditorum
1034 3987 1123 4051 opus
1139 3976 1202 4034 est.
1245 3973 1289 4040 de
1310 3987 1344 4042 te
1368 3987 1401 4041 et
1423 3972 1566 4059 collegis
1587 3972 1723 4063 aliquot
1746 3972 1825 4039 aliis
1849 3995 1954 4064 quam
1973 3974 2015 4040 de
2031 3971 2166 4062 meipso
2182 3995 2247 4041 co-

205 4066 373 4137 Placeant
398 4062 460 4129 alii
486 4061 552 4131 sibi
573 4076 745 4154 quantum
766 4062 902 4146 volent,
928 4064 989 4154 qui
1005 4064 1203 4152 gloriantur
1245 4074 1329 4163 gito,
1381 4072 1452 4143 Sed
1474 4068 1558 4142 haec
1581 4096 1710 4141 coram.
1761 4068 1910 4142 Chartae
1928 4076 2044 4165 operis
2060 4066 2250 4142 Maniam·

91 4217 94 4224 -
206 4192 244 4240 se
260 4155 554 4242 ἀυτοιλιδάκτους
568 4184 651 4231 esse.
684 4160 762 4253 Ego
779 4164 931 4253 ingenue
949 4166 1125 4254 praedico,
1147 4189 1203 4234 me
1245 4170 1335 4244 mihi
1352 4174 1480 4244 mittas.
1532 4173 1600 4244 Die
1620 4175 1678 4246 19,
1693 4172 1881 4243 Februarii
1899 4169 1938 4268 ³),

198 4274 251 4343 de
274 4267 395 4337 multis
419 4265 526 4333 rebus
547 4264 665 4333 doceri
683 4278 717 4333 et
730 4266 990 4335 commonelieri
1008 4266 1168 4358 quotidie
1183 4292 1203 4338 a

207 4370 339 4443 multis.
391 4365 500 4454 Quod
522 4389 606 4435 vero
626 4366 733 4435 scribi
750 4368 856 4436 velles
877 4367 1018 4438 initium
1034 4367 1205 4440 Dialecti-
1470 4383 2248 4396 “·“··”““··““··“““·’···“··”·*··““·

207 4497 280 4558 ces,
306 4469 444 4542 etiamsi
468 4469 678 4552 scriberem,
705 4470 907 4560 tempestive
928 4470 994 4541 tibi
1017 4471 1113 4540 mitti
1130 4496 1204 4541 non
1246 4507 1300 4578 No
1337 4504 1438 4579 3742
2082 4526 2127 4588 19
2158 4518 2238 4583 Febr

207 4587 335 4667 posset.
387 4569 509 4640 Facies
531 4570 640 4659 igitur
663 4571 759 4662 quod
781 4558 1039 4664 in'praesentia
1056 4572 1114 4643 isti
1130 4574 1205 4641 exi·
1256 4560 1466 4641 <aad
1550 4637 1557 4645 .
2063 4565 2251 4640 οἰκ-ἐ

207 4700 277 4767 guo
306 4672 511 4742 auditorum
542 4695 691 4742 numero
716 4671 840 4741 utilius
874 4685 936 4742 est.
1001 4670 1205 4764 Explicabis
1659 4663 1828 4748 Eidem.

207 4786 392 4870 praecepta
405 4786 446 4841 ut
459 4785 560 4842 antea
576 4774 702 4856 fecisti,
723 4786 759 4843 et
774 4775 989 4864 properabis,
1010 4770 1114 4875 ὀλίγη
1128 4771 1205 4874 γὰρ

218 4877 230 4905 ,
272 4871 282 4899 2
533 4869 545 4893 2
746 4874 754 4890 ,
836 4875 844 4891 ,
1315 4816 1394 4886 †Er
1412 4836 1505 4888 apogr.
1526 4819 1554 4872 in
1574 4820 1636 4875 cod.
1652 4819 1745 4891 langii
1767 4842 1793 4892 p.
1811 4824 1848 4875 ta.
1887 4821 2021 4875 Convenit
2037 4824 2091 4875 lere
2106 4821 2253 4877 haecei-

207 4892 433 4953 αναπνευσις
455 4877 647 4964 πολεμοιο,
680 4888 721 4944 ut
744 4888 862 4967 lnquit
882 4872 1076 4951 Homerus,
1133 4876 1204 4949 Sed
1349 4885 1419 4940 stola
1441 4905 1503 4941 cum
1525 4889 1633 4957 priore,
1658 4899 1685 4941 et
1704 4891 1824 4958 videtur,
1846 4893 1918 4962 quod
1940 4892 2046 4961 saepius
2063 4890 2169 4945 solebat
2217 4893 2255 4949 el,

207 4981 324 5054 o...
522 4989 563 5044 ut
588 4998 710 5065 p...
736 4976 906 5049 ....÷.....
964 4971 1095 5046 Mena
1113 4979 1205 5048 uer
1350 4954 1554 5094 assatus
1568 4958 1956 5099 aelttaassa'gu
1972 4960 2193 5111 attactae*
2206 4961 2255 5084 :a

209 5084 372 5155 nondum
402 5076 585 5147 absolutus
613 5090 675 5149 esi.
732 5075 825 5146 Nam
855 5081 1122 5150 accommodare
1148 5105 1204 5149 me
1349 5093 1471 5176 bancaut
1484 5092 1604 5164 priorem
1617 5095 1759 5165 epittolsm
1771 5095 1815 5151 alii
1829 5097 1937 5150 cuidam
1950 5115 2104 5153 amicorum
2117 5107 2257 5171 scriptun

209 5185 339 5275 scripta
363 5181 407 5250 ad
431 5201 621 5250 numerum
643 5173 844 5248 chartarum
863 5179 1023 5250 officinae
1041 5195 1204 5276 typogra-
1349 5160 1442 5215 ‘⁰¹⁸⁸‘-

208 5281 334 5380 ΡΜὅθ
357 5294 508 5395 oporiet‘
557 5275 606 5351 Et
626 5303 698 5351 scm
715 5281 877 5351 nondum
894 5276 1024 5353 habere
1040 5296 1204 5377 typogm'
1284 5357 1311 5425 1)
1318 5367 1464 5479 ἇιιῖιέοζὸἰ
1480 5355 1644 5428 quodl’euc.
1659 5359 1848 5428 praetermisit,
1861 5334 2092 5430 legiturmMenl.
2106 5369 2134 5412 et
2147 5357 2179 5411 in
2191 5359 2260 5414 eod.

220 5436 426 5459 ...-
603 5438 610 5446 .
1347 5442 1363 5476 o
1396 5461 1404 5478 .
1470 5462 1478 5480 .

245 5507 404 5584 QAtcod.
419 5505 505 5562 Goth.
521 5506 579 5564 191.
1170 5552 1179 5561 .
1282 5507 1414 5578 2)Maul.
1428 5507 1527 5564 Datne
1541 5505 1708 5581 Serveslae,
1728 5511 1768 5567 19.
1783 5514 1866 5567 Febr.
1881 5510 1955 5566 tata.
2050 5555 2056 5564 .
