4882 6436
193 277 243 362 39
767 281 1198 362 EPISTOLARUM
1255 276 1364 358 LlB.
1396 280 1443 356 X.
1497 279 1630 356 1646.
2175 283 2227 356 40

196 458 265 529 fide
276 472 316 547 ,et
331 460 515 549 diligentia
529 475 611 532 sunt
625 473 854 554 pertractata,
880 459 970 527 sicut
987 455 1060 527 eius
1075 455 1186 527 actio-
1232 453 1406 524 illustrior
1421 478 1460 523 ae
1474 456 1607 546 populo
1617 467 1652 524 et
1668 453 1831 525 ecclesiae
1839 453 1906 526 Dei
1924 455 2033 543 magis
2048 455 2223 533 salutaris,

198 559 255 629 nis
274 584 447 630 summam
465 562 587 652 legetis
602 587 623 633 a
638 562 684 633 D.
698 556 855 631 Brentr’o
870 560 1030 638 missam,
1055 568 1188 628 namet
1231 578 1336 649 quam
1358 557 1564 647 propagatio
1596 570 1629 625 et
1651 557 1871 625 conservatio
1905 556 2063 624 coelestis
2089 556 2223 624 doctri·

125 666 129 674 '
199 661 406 754 isaliquam
429 666 579 752 gratiam
602 664 694 733 inire
716 664 841 736 voluit.
898 655 1063 730 Bucerus
1084 659 1188 727 valde
1231 680 1313 725 nae:
1340 656 1388 726 ita
1412 672 1447 728 et
1464 658 1558 726 inter
1573 659 1760 749 praecipua
1776 669 1984 738 ornamenta
2004 653 2132 727 lnvict.
2148 653 2224 725 Im-

200 762 351 843 idoneus
371 775 423 832 est
439 766 483 834 ad
506 761 570 834 has
585 766 759 844 actiones,
785 778 820 835 et
833 784 1035 857 quanquam
1051 759 1188 850 singula
1232 753 1737 850 peratorisCaroliV.Domini
1751 758 1864 826 nostri
1879 757 2089 830 clementiss.
2104 757 2223 827 omnis

202 865 277 933 eius
300 865 412 950 dicta,
438 865 586 955 scripta,
611 879 646 936 et
669 866 825 935 actiones
842 863 1030 952 diligenter
1052 883 1118 930 nos
1135 883 1191 928 re·
1234 858 1464 951 posteritaset
1478 853 1546 927 hoc
1561 860 1697 943 referet,
1715 861 1811 952 quod
1827 859 1866 927 in
1880 857 2120 927 diiudicandis
2135 882 2223 928 con-

202 965 294 1057 liqui
317 966 561 1051 observemus,
594 979 712 1037 tamen
742 966 898 1056 proiecto
930 958 1023 1031 hanc
1052 983 1191 1031 causam
1234 959 1414 1030 troversiis
1430 963 1474 1028 de
1483 960 1654 1050 religione
1674 984 1713 1030 ea
1729 959 1917 1050 prudentia
1932 972 1966 1029 et
1981 960 2224 1029 moderatione

202 1060 372 1137 hactenus
387 1067 459 1155 egit
473 1090 610 1138 summa
625 1068 711 1150 fide,
737 1067 826 1135 sicut
844 1080 917 1135 acta
935 1067 1132 1143 ostendent,
1153 1084 1193 1129 ac
1236 1057 1352 1131 adhuc
1373 1082 1458 1130 usus
1480 1074 1548 1147 est,
1568 1075 1609 1131 ut
1630 1084 1687 1130 eas
1710 1061 1966 1130 controversias
1982 1061 2133 1152 pacificis
2148 1061 2224 1130 col-

205 1189 343 1257 semper
357 1161 588 1238 honorificam
600 1169 815 1238 mentionem
825 1180 1021 1235 vestrorum
1032 1164 1193 1232 omnium
1235 1162 1429 1232 lationibus
1463 1162 1597 1247 excuti,
1631 1185 1739 1254 quarn
1769 1160 1911 1232 iniustis
1936 1162 2043 1230 armis
2069 1162 2225 1253 opprimi

204 1267 306 1347 iacit,
339 1280 508 1360 tanquam
531 1283 671 1359 patrum
695 1280 730 1337 et
751 1280 1016 1360 praeceptorum
1038 1288 1194 1347 suorum,
1236 1262 1411 1336 maluerit.
1461 1262 1580 1351 Quam
1595 1262 1807 1356 aequitatem
1830 1276 1865 1333 et
1882 1262 2158 1332 moderationem
2183 1277 2225 1334 ut

204 1363 298 1437 nihil
311 1368 383 1457 agit
397 1368 466 1439 nisi
479 1383 580 1439 antea
588 1371 691 1439 nobis
701 1369 880 1451 consultis,
897 1369 995 1436 audit
1009 1381 1043 1436 et
1058 1368 1195 1437 obtem·
1237 1378 1405 1456 perpetuo
1428 1377 1567 1434 tueatur
1589 1376 1624 1435 et
1646 1378 1829 1433 conservet
1851 1388 2037 1455 precamur
2065 1377 2139 1435 toto
2162 1372 2224 1456 pess

204 1483 305 1560 perat
318 1469 450 1539 nostris
466 1471 635 1544 consiliis.
663 1468 890 1541 Conlerimus
905 1469 999 1537 enim
1018 1469 1112 1539 inter
1129 1489 1195 1536 nos
1237 1479 1334 1534 ctore
1347 1479 1532 1534 aeternum·
1545 1477 1680 1557 patrem
1697 1465 1835 1534 domini
1851 1467 1965 1534 nostri
1980 1464 2060 1535 lesu
2076 1460 2222 1540 Christi.

204 1570 277 1640 fere
302 1572 479 1663 quotidie,
513 1596 629 1664 neque
651 1572 838 1665 quicquam
863 1564 922 1639 hie
942 1565 1032 1638 mihi
1053 1568 1195 1638 suavius
1238 1564 1333 1654 Quia
1351 1561 1419 1634 hoc
1435 1565 1492 1634 die
1505 1590 1571 1658 pro
1587 1565 1696 1635 veteri
1713 1591 1809 1636 more
1824 1563 1870 1641 Ι).
1887 1562 1964 1637 loh.
1979 1563 2224 1660 Chrysostomi

208 1685 276 1754 est,
310 1695 417 1764 quam
451 1696 656 1761 congressus
681 1671 965 1742 etfamiliarins
1000 1695 1082 1739 cum
1108 1669 1195 1737 viris
1237 1666 1409 1737 memoria
1421 1668 1540 1758 peragi
1555 1666 1681 1753 soleat,
1706 1664 1890 1737 humiliter
1904 1681 1938 1737 et
1954 1693 2033 1736 cum
2049 1669 2146 1738 omni
2160 1671 2223 1738 de-

204 1772 349 1864 optimis
370 1788 404 1842 et
420 1774 650 1855 doctissimis,
672 1797 762 1866 quos
777 1774 880 1843 video
897 1796 960 1842 vos
978 1794 1101 1840 omnes
1120 1784 1194 1840 toto
1238 1768 1311 1837 bita
1335 1769 1531 1837 reverentia
1553 1768 1598 1837 ab
1621 1770 1733 1860 ipsius
1753 1766 1913 1838 Caesaris
1926 1768 2110 1838 Maiestate
2131 1770 2223 1861 peti-

203 1886 346 1964 pectore
360 1897 489 1949 amare.
597 1889 599 1892 ’
1236 1891 1335 1954 mus,
1359 1871 1456 1962 quod
1474 1869 1665 1961 imperator
1679 1867 1854 1940 Arcadius
1871 1882 1906 1939 et
1920 1865 1996 1943 Ioh.
2012 1864 2223 1964 Chrysosto-

307 1970 514 2045 Adversarii
537 1991 579 2046 ut
598 1999 716 2046 semen
741 1975 911 2067 serpentis
933 1968 1073 2043 homini
1091 1973 1196 2042 dissi·
1237 1992 1316 2039 mus
1339 1967 1482 2040 Garnae
1503 1971 1673 2040 exercitus
1697 1972 1798 2057 duci,
1830 1972 1955 2065 iniqua
1979 1986 2013 2042 et
2034 1972 2144 2062 impia
2160 1997 2223 2064 pe·

205 2074 351 2143 millimi
379 2090 483 2163 sunt,
515 2091 668 2147 extrema
698 2072 935 2167 sophistarum
961 2077 1037 2156 fex,
1070 2099 1195 2144 mona-
1237 2071 1326 2140 tenti
1332 2122 1344 2156 ,
1359 2073 1635 2163 respondemnt:
1662 2095 1736 2141 non
1751 2072 1857 2142 licere
1870 2073 1944 2162 regi
1958 2074 2123 2163 pietatem
2138 2098 2225 2165 pro-

207 2169 266 2244 chi
282 2177 353 2245 duo
372 2171 533 2247 homines
547 2176 846 2269 impudentissimi
860 2189 956 2261 sunt,
969 2170 1196 2256 Malvenea,
1238 2173 1351 2241 fitenti
1364 2174 1552 2266 quicquam
1567 2175 1735 2243 adversus
1757 2197 1813 2242 res
1831 2175 1971 2242 divinas
1985 2187 2158 2260 statuere,
2183 2191 2223 2247 ut

206 2298 273 2368 pro
308 2301 412 2346 more·
436 2279 551 2368 gentis
583 2273 690 2349 homo
723 2278 1013 2369 superbissimus,
1053 2279 1195 2348 inflatus
1238 2287 1272 2342 et
1285 2274 1396 2364 ipsins
1410 2272 1577 2342 Maiestas
1591 2270 1871 2364 magnitudinem
1889 2269 1996 2344 huius
2010 2288 2128 2346 tantae
2141 2301 2224 2348 cau-

208 2374 368 2447 Caesaris
399 2379 624 2463 auctoritate,
659 2379 787 2450 nititur
820 2381 963 2449 turbare
989 2381 1129 2462 omnia,
1160 2393 1196 2448 et
1237 2399 1294 2442 sae
1321 2375 1525 2464 diligentins
1551 2378 1768 2456 consideret,
1794 2388 1846 2460 et,
1870 2389 1911 2445 ut
1933 2370 2103 2447 haetenus
2128 2379 2224 2464 fecit,

207 2478 278 2568 ipsi
290 2476 492 2560 Praesides,
515 2480 566 2549 sic
586 2480 669 2549 satis
690 2480 793 2572 aequi
808 2480 930 2566 nobis,
955 2493 1072 2549 tamen
1099 2475 1194 2549 hunc
1237 2499 1283 2544 ne
1308 2477 1462 2567 patiatur
1484 2499 1519 2545 se
1543 2479 1730 2548 calumniis
1753 2491 1787 2548 et
1810 2477 1943 2569 iniquis
1968 2478 2109 2548 iudiciis
2133 2504 2224 2572 quo-

208 2579 334 2650 timere
351 2593 544 2667 coguntur,
570 2595 604 2649 et
627 2581 720 2649 clare
736 2581 840 2650 nobis
859 2595 1007 2674 uterque
1021 2582 1196 2671 significa·
1236 2579 1470 2661 rundam,1re
1502 2581 1664 2648 nondurn'
1689 2580 1771 2649 satis
1797 2579 1991 2648 deliberata
2015 2594 2048 2648 et
2074 2581 2224 2669 cognita,

208 2679 280 2764 vit,
306 2703 342 2748 se
362 2681 477 2750 odisse
499 2676 596 2751 hunc
616 2679 835 2771 Hispanum
868 2706 934 2752 nos
956 2697 1073 2753 autem
1098 2683 1195 2751 illius
1236 2680 1404 2746 adversus
1425 2678 1589 2747 innoxios
1610 2675 1790 2763 homines,
1822 2703 1943 2748 veram
1975 2691 2009 2748 et
2039 2681 2224 2750 coelestem

92 2775 96 2783 ’
208 2781 465 2850 contumaciam
499 2796 534 2851 et
560 2782 765 2873 superbiam
787 2784 1045 2853 contemnimus
1073 2796 1107 2853 et
1128 2783 1196 2851 ali·
1237 2778 1436 2850 doctrinam
1456 2803 1475 2848 a
1498 2780 1571 2848 lilio
1592 2778 1658 2850 Dei
1681 2806 1744 2870 per
1761 2775 1958 2872 Prophetas
1981 2793 2016 2850 et
2031 2779 2223 2872 Apostolos

210 2882 349 2974 quoties
373 2883 498 2951 stultos
525 2897 672 2952 conatus
693 2883 873 2972 fregimus.
932 2872 1115 2952 Cochlaeo
1138 2884 1195 2954 iu·
1237 2880 1400 2949 traditam
1416 2873 1677 2978 [profitentes],
1702 2883 1855 2955 incendi.
1912 2878 2007 2950 Haec
2030 2883 2224 2974 enimpro-

207 2985 365 3052 cundum
388 2995 457 3067 est,
482 2978 626 3053 haerere
649 2984 689 3052 in
714 2996 891 3075 postrema
918 3000 1018 3077 parte
1040 2987 1196 3055 collocu-
1235 2981 1313 3072 pria
1338 2994 1372 3050 et
1392 3005 1528 3051 summa
1548 2983 1624 3052 lans
1639 3007 1848 3072 magnorum
1863 2976 2009 3051 heroum
2026 2998 2077 3053 est
2093 2983 2128 3052 in
2144 2999 2223 3054 tan-

205 3097 336 3155 torum.
1196 3136 1200 3148 .
1237 3083 1283 3150 tis
1304 3082 1429 3165 rebus,
1450 3082 1582 3150 divinis
1604 3109 1746 3176 nempe,
1773 3097 1807 3152 et
1828 3083 1976 3152 salutem
1996 3097 2048 3153 tot
2064 3088 2222 3172 gentium

307 3182 407 3271 Quae
423 3185 592 3278 colloquii
609 3180 681 3255 sint
702 3185 853 3256 initiaet
869 3208 1052 3276 quaecum
1071 3185 1196 3254 adver·
1238 3195 1272 3251 et
1304 3183 1519 3273 populorum
1552 3185 1811 3272 spectantibus,
1841 3208 1944 3276 posse
1979 3187 2221 3257 moderatione

207 3283 309 3372 sariis
323 3287 495 3375 speranda
512 3287 557 3356 sit
572 3287 772 3356 conciliatio
786 3284 869 3354 satis
886 3299 999 3356 vestra
1015 3299 1197 3376 praestan·
1236 3284 1307 3367 uti,
1338 3307 1412 3351 non
1444 3285 1674 3374 praecipitare
1701 3286 1867 3371 consiha,
1899 3309 1974 3354 non
2009 3287 2222 3358 inflammari

206 3384 256 3452 tia
279 3384 453 3475 intelliget
478 3398 512 3455 et
532 3401 716 3476 cognoscet
738 3411 778 3454 ex
806 3385 919 3454 literis
941 3389 985 3455 ad
1016 3384 1195 3456 lllustriss.
1237 3384 1379 3453 iniustis
1404 3384 1555 3453 aliorum
1588 3381 1775 3456 hominurn
1805 3386 1914 3470 odiis,
1945 3389 2006 3455 sed
2041 3389 2164 3459 audire
2188 3408 2222 3462 et

205 3482 409 3576 Principem
433 3486 584 3577 plenius.
642 3485 764 3579 ltaque
794 3478 1063 3557 deliberandum
1093 3488 1195 3556 vobis
1237 3509 1373 3555 summa
1387 3485 1570 3574 diligentia
1586 3510 1795 3575 cognoscere
1812 3510 1931 3557 causas
1947 3489 2153 3573 divinas,et
2166 3517 2221 3561 cas

207 3599 241 3655 et
263 3586 532 3675 significandum
554 3588 659 3657 nohis
675 3590 757 3669 erit,
785 3613 831 3656 an
848 3589 958 3678 possit
973 3613 1052 3658 cum
1069 3590 1195 3657 adver·
1237 3611 1311 3656 non
1334 3609 1374 3655 ex
1394 3586 1501 3655 unius
1520 3580 1677 3656 hominis
1691 3589 1840 3659 arbitrio
1856 3601 1889 3657 et
1905 3590 2069 3670 consilio,
2096 3594 2156 3660 sed
2180 3620 2220 3662 ex

206 3688 307 3755 sariis
332 3687 370 3754 in
390 3687 537 3779 reliquis
553 3690 710 3759 articulis
725 3689 954 3758 confessionis
970 3704 1129 3773 nostrae,
1154 3705 1195 3758 nt
1227 3690 1313 3756 solo
1337 3688 1444 3754 verbo
1465 3686 1548 3771 Dei,
1571 3691 1665 3758 urrde
1685 3692 1801 3759 omnis
1813 3691 1952 3780 pietatis
1965 3692 2063 3773 fons,
2089 3693 2221 3764 iustitia

206 3788 251 3855 ah
268 3787 478 3878 imperatore
503 3789 708 3880 praescripti
724 3802 827 3872 sunt,
852 3791 1016 3879 progredi
1039 3816 1119 3860 curn
1141 3804 1193 3859 ta·
1237 3802 1270 3856 et
1293 3789 1367 3857 vita
1386 3801 1526 3858 aeterna
1552 3791 1680 3879 pendet
1700 3805 1734 3862 et
1747 3805 1952 3881 promanat,
1978 3793 2171 3864 diiudicare
2188 3811 2222 3865 et

206 3911 287 3955 men
311 3911 384 3956 non
403 3889 563 3976 videam,
588 3914 685 3981 spem
697 3891 817 3960 ”ullam
844 3913 937 3974 esse,
958 3891 1053 3961 utin
1072 3892 1192 3984 aliquo
1236 3892 1442 3974 decernere,
1468 3903 1504 3958 et
1520 3890 1674 3977 agnitam
1689 3894 1796 3962 semel
1819 3915 1937 3960 veram
1961 3893 2124 3984 pietatem
2147 3911 2221 3968 toto

205 3988 399 4079 quidquam
413 3993 613 4060 concessuri
628 3993 709 4064 sint.
739 3988 816 4060 Hoc
829 4005 985 4061 vestrum
1005 3992 1191 4061 consilium
1238 4004 1375 4080 pectore
1390 3991 1553 4079 amplecti
1570 4005 1605 4061 et
1620 3993 1722 4066 tueri.
1772 3987 1811 4061 Τ
1810 3985 2006 4064 heodosius
2021 3997 2222 4067 laudatissi-

205 4110 330 4156 omnes
343 4110 506 4175 rogamus
520 4103 555 4159 et
570 4093 774 4183 expetimus.
825 4089 923 4159 Bene
942 4093 1055 4162 valete
1076 4106 1191 4184 patres
1236 4078 1524 4181 musimperaor
1546 4094 1739 4161 moriturus
1759 4108 1862 4163 vocat
1877 4097 1922 4163 ad
1944 4119 1981 4163 se
1997 4096 2088 4165 filios
2105 4095 2222 4168 Arca-

204 4200 239 4257 et
260 4202 501 4280 praeceptores
523 4192 754 4277 observandi,
778 4215 866 4284 quos
888 4189 1052 4263 Christus
1068 4191 1191 4263 Eccle-
1236 4176 1344 4260 dium¹
1361 4205 1396 4261 et
1410 4189 1639 4277 Honorr'um,
1663 4195 1758 4264 inter
1783 4218 1872 4287 quos
1894 4220 1974 4266 cum
1999 4221 2106 4285 regna
2132 4216 2220 4274 esset

206 4289 277 4359 siae
308 4312 390 4361 suae
414 4290 478 4361 diu
506 4308 700 4366 conservet.
759 4290 977 4365 Ratishonae
1001 4295 1060 4364 10.
1086 4294 1190 4369 Febr.
1235 4294 1383 4384 partitus
1399 4307 1572 4383 postremo
1588 4307 1778 4388 utrumque
1793 4292 1976 4377 hortatur,
2003 4311 2042 4367 ut
2056 4300 2219 4390 pietatem

210 4387 319 4464 1646.
1234 4410 1266 4464 et
1286 4394 1482 4464 doctrinam
1499 4395 1657 4466 divinam
1680 4398 1773 4468 tueri
1792 4412 1825 4468 et
1837 4420 2031 4490 propagare
2042 4403 2220 4479 studeant.

645 4491 679 4563 V
714 4488 747 4564 Ε
1233 4494 1309 4566 Hac
1332 4496 1428 4565 enim
1450 4509 1484 4566 et
1505 4521 1589 4587 pax,
1621 4499 1758 4591 inquit,
1790 4511 2034 4585 conservatur,
2067 4515 2103 4572 et
2124 4505 2220 4578 bella

761 4593 802 4668 F.
819 4592 994 4687 Georgius
1008 4595 1137 4671 Maior.
1233 4597 1469 4667 conficiuntur
1483 4610 1518 4666 et
1535 4592 1651 4668 hostes
1668 4612 1856 4671 vertuntur
1876 4599 1914 4669 in
1929 4600 2067 4691 fugam,
2092 4618 2127 4675 et
2143 4621 2219 4677 tro-

1232 4693 1343 4788 phaea
1361 4710 1565 4768 statuuntur
1581 4714 1615 4768 et
1630 4712 1775 4790 paratur
1790 4701 1949 4775 victoria.

474 4786 696 4864 Protestatio
720 4803 848 4865 nostra
865 4789 919 4890 ⁴⁵).
1240 4860 1245 4868 .
1331 4796 1421 4869 Cum
1435 4800 1543 4885 igitur
1562 4799 1608 4868 ab
1623 4802 1756 4891 optimo
1772 4800 1936 4894 Principe
1952 4815 1985 4872 et
2003 4799 2226 4895 Imperatore‘

301 4921 351 4997 Ut
375 4926 468 4999 ime„
488 4929 659 5019 plurimas
684 4929 771 4999 alias
800 4930 1007 5001 excellentes
1028 4932 1187 5015 vinulos,
1232 4914 1353 4970 nostro
1376 4897 1501 4973 Invict.
1516 4897 1645 4971 Carolo
1660 4900 1705 4976 V.
1722 4897 1779 4972 hic
1793 4919 1938 4997 quartus
1959 4921 2152 4979 conventus
2172 4911 2216 4979 ad

200 5022 331 5117 quibus
358 5025 533 5100 Davidem
564 5053 680 5121 regem
711 5031 853 5100 ornavit
875 5027 972 5101 Deus
995 5034 1094 5108 nulla
1119 5033 1185 5105 suit

1299 5222 1326 5274 iu
1349 5238 1415 5303 opp.
1438 5220 1520 5277 toth.
1539 5222 1628 5276 XVll·
1650 5242 1677 5295 p.
1691 5223 1791 5296 1524„
1815 5209 1969 5296 quaerenti
1986 5229 2019 5282 ab
2038 5229 2088 5284 hac
2105 5249 2217 5302 prorsus

233 5289 261 5360 ἡ
286 5288 319 5374 lp
340 5289 453 5347 historie
474 5291 617 5377 §alloquii
639 5292 822 5377 &tichomus¹
842 5292 962 5376 Georgio
988 5294 1089 5377 Maiori
1113 5292 1184 5349 edita
1297 5299 1338 5344 est
1354 5290 1467 5345 daverea.
1488 5290 1674 5374 ‘Loqpuntur
1691 5291 1725 5347 de
1748 5292 1799 5349 hac
1813 5295 2010 5414 protestatione
2028 5296 2147 5380 theolog.
2161 5300 2216 5381 'Vr-

267 5356 319 5413 she
342 5368 499 5431 protestatae
522 5372 577 5422 est,
602 5361 629 5416 d.
647 5365 690 5417 10.
710 5363 803 5416 Marta
821 5362 1039 5489 mdm’flglmm
1055 5373 1134 5417 ettam
1153 5382 1184 5416 er
1296 5359 1470 5428 tebergeuses
1487 5377 1516 5411 m
1530 5369 1631 5430 canpto
1656 5359 1685 5413 d.
1703 5361 1731 5416 d.
1753 5361 1793 5414 12.
1836 5363 1892 5416 ebr.
1911 5381 2023 5435 ermque
2041 5367 2115 5437 dedrt
2134 5379 2215 5423 ettam

265 5425 381 5482 Maioris
402 5429 504 5503 scripto
522 5430 655 5486 dederunt
674 5429 821 5487 llortleder
836 5433 860 5487 1.
876 5447 906 5503 p.
990 5450 1046 5504 sq..
1064 5428 1184 5490 erch·
1297 5425 1475 5484 Seclrndorf.
1493 5427 1523 5482 in
1539 5427 1602 5484 bist.
1620 5428 1700 5484 Lutlr.
1719 5429 1766 5484 111.
1785 5449 1812 5503 p.
1824 5432 1885 5488 630.
