4882 6426
84 4790 96 4807 ·
176 4752 185 4761 Ι
211 4753 326 4854 Cras,
350 4768 426 4840 Deo
449 4771 609 4855 iuvante,

187 317 270 406 787

209 487 277 559 No.
294 483 415 561 4150ss

204 583 416 619 Μ

524 662 642 747 Hier.
670 652 873 742 Beeoldo.

301 841 388 917 ttptn.
406 839 455 897 lib.
465 837 501 899 V.
518 857 548 913 p.
561 836 667 911 moq-

202 1008 490 1108 Hieronymo
516 1005 738 1180 Besolbdo,
780 1004 922 1080 docenti
942 1001 1093 1100 Evang.
1111 995 1196 1077 No-

617 1136 651 1180 n
678 1132 795 1204 argos.

203 1242 250 1333 S.
277 1261 327 1330 D.
375 1253 590 1329 charissime
605 1253 837 1348 Hieronyme.
871 1248 986 1322 Deum
1002 1263 1197 1328 aeternum,

204 1360 347 1432 Patrem
366 1357 514 1429 Domini
543 1356 657 1425 nostri
680 1354 759 1425 lesu
781 1349 935 1434 Christi,
976 1351 1195 1421 conditorem

207 1460 345 1551 generis
368 1454 517 1528 humani
540 1470 576 1527 et
596 1452 774 1527 Ecclesiae
803 1477 886 1525 suae
914 1476 955 1522 ac
976 1447 1198 1522 dilectissimi

206 1560 358 1631 foederis
369 1557 564 1646 coniugalis
580 1556 673 1627 inter
689 1552 850 1625 homines
865 1548 1039 1625 Autorem
1055 1574 1138 1634 oro,
1157 1561 1198 1617 ut

176 1662 178 1666 ’
205 1663 381 1752 gubernet
398 1657 546 1728 consilia
561 1671 674 1727 vestra
696 1659 741 1726 de
765 1669 827 1727 tuo
852 1654 1037 1743 coniugio,
1061 1652 1198 1743 tibique

208 1763 309 1832 adsit.
361 1756 486 1828 Genus
503 1759 597 1827 vitae
614 1758 739 1851 quanti
759 1757 979 1840 faciendum,
1011 1767 1046 1824 et
1066 1763 1197 1846 quanta

206 1863 336 1955 pietate
349 1860 591 1929 venerandum
608 1858 670 1941 sit,
684 1857 822 1927 utinam
837 1852 1000 1927 homines
1017 1877 1097 1924 vere
1111 1875 1199 1922 con-

209 1963 415 2033 siderarent.
467 1957 547 2028 Vox
564 1971 615 2027 est
636 1957 756 2027 statim
777 1956 882 2026 initio
903 1956 1078 2026 librorum
1106 1951 1200 2023 divi-

208 2084 339 2132 norum
356 2060 500 2144 tradita,
525 2078 615 2151 quae
629 2057 899 2128 commonefacit
915 2078 982 2126 nos
1005 2056 1049 2125 de
1069 2054 1200 2124 volun-

208 2176 280 2234 tate
292 2160 372 2235 Dei.
422 2157 523 2230 Dixit
544 2152 736 2228 Dominus:
769 2157 854 2229 Non
874 2169 924 2227 est
945 2158 1101 2241 bonum,
1131 2149 1200 2223 ho·

209 2264 343 2332 minem
357 2283 430 2329 esse
445 2260 573 2333 solum.
622 2256 702 2328 Hoc
725 2282 805 2329 cum
830 2257 979 2348 dixerit,
1006 2254 1201 2327 decreverit

210 2376 245 2433 et
258 2361 413 2432 sanxerit
427 2359 542 2443 Deus,
568 2382 676 2451 quam
690 2353 877 2429 horribilis
892 2357 1038 2429 audacia
1054 2368 1123 2440 est,
1147 2355 1200 2423 le-

209 2486 288 2552 gem
305 2459 519 2531 contrariam
534 2459 628 2528 ferre
642 2471 704 2529 aut
725 2459 837 2541 tueri,
863 2460 960 2553 quod
980 2481 1077 2529 nunc
1096 2455 1200 2547 impii

209 2562 381 2657 Cyclopes
395 2560 551 2643 faciunt,
580 2560 640 2630 sed
656 2560 777 2630 Deum
796 2583 955 2646 oremus,
977 2574 1020 2629 ut
1044 2581 1127 2628 suae
1148 2558 1200 2626 le-

209 2665 262 2752 gis
286 2674 437 2732 assertor
459 2673 494 2730 et
514 2661 680 2731 defensor
701 2660 757 2733 sit.
817 2658 972 2731 Matrem
990 2655 1028 2753 *)
1051 2657 1199 2749 virginis

209 2763 303 2833 filiae
326 2762 371 2833 D.
393 2753 583 2830 Osiandra'
608 2761 704 2846 vidi,
739 2784 780 2831 ac
801 2762 951 2831 memini
973 2761 1048 2831 eius
1072 2781 1200 2839 mores,

210 2863 439 2954 gravitatem,
462 2861 574 2930 animi
595 2861 896 2948 moderationem,
920 2863 1106 2956 pietatem,
1130 2883 1199 2951 pu-

210 2964 368 3055 dicitiam
385 2962 490 3031 valde
511 2962 651 3031 laudari
671 2963 716 3032 ab
738 2963 906 3034 omnibus
927 2959 1086 3035 honestis
1102 2959 1200 3031 Viris

209 3088 250 3135 ac
266 3062 445 3135 Matronis
460 3063 498 3131 in
514 3075 576 3133 tua
590 3060 720 3134 Patria.
770 3062 969 3159 Speroque,
993 3065 1091 3135 iuxta
1106 3061 1206 3131 divis

208 3188 293 3235 nam
316 3163 586 3254 promissionem
607 3165 787 3248 futurum,
821 3179 862 3238 ut
883 3167 1061 3255 generatio
1085 3177 1200 3234 recto-

209 3288 290 3335 rum
313 3263 560 3347 benedicatur,
591 3265 688 3356 quod
711 3265 750 3332 in
771 3289 874 3335 versu
900 3266 947 3336 ita
969 3268 1104 3337 dictum
1130 3275 1198 3332 est:

212 3356 395 3457 εὐσεβέων
424 3358 595 3434 παίδεσσι
627 3358 675 3434 τὰ
705 3360 819 3453 torto,
852 3360 1067 3462 δυσσεβέων
1100 3359 1199 3435 d'od.

208 3460 307 3534 Bene
322 3464 419 3550 vale,
441 3477 477 3535 et
492 3462 656 3539 rescribe.
709 3464 768 3538 18.
785 3460 861 3541 lan.

950 3589 1150 3688 Philippus.

207 3985 275 4059 No.
291 3985 405 4062 4181.

218 4083 391 4114 m

1052 3987 1112 4062 19.
1129 3988 1194 4059 len.

1037 4085 1200 4110 m

556 4189 850 4279 Academicis,

179 4363 183 4369 '
281 4363 387 4437 Scripta
400 4362 478 4437 publ.
491 4363 526 4421 Τ.
539 4365 560 4422 l.
572 4383 599 4437 p.
612 4366 673 4420 200.

243 4517 422 4591 Deconus
443 4509 609 4695 (a’olleglqiffr⁸
625 4515 885 4692 Il>hilqslpphici
912 4514 1170 4621 Philippos

178 4650 185 4659 ·
608 4645 624 4691 e
659 4648 717 4692 an
783 4647 850 4698 on.

773 250 1211 381 urtsrotatauu
1260 286 1371 367 uta.
1400 286 1467 365 xt.
1519 248 1653 360 ests.

909 471 1193 556 18.1an.(t.t.?)
1242 478 1322 542 ros,
1347 458 1411 551 qui
1435 450 1705 548 Philosophiam
1730 449 1875 536 ament,'
1900 463 1942 521 ut
1963 448 2010 518 ad
2033 430 2071 519 id
2090 470 2242 520 examen

915 567 1180 608 “V‘’
1242 558 1400 630 veniant.
1458 553 1539 627 Etsi
1571 571 1688 627 autem
1719 549 1760 624 hi
1793 574 1999 653 congressus
2031 551 2239 645 tranquillis

2133 260 2237 351 ²788

1245 660 1463 750 temporibus
1484 657 1711 728 iucundiores
1735 667 1834 725 sunt:
1873 665 2013 736 mmen,
2044 674 2121 723 cum
2142 653 2242 723 scia-

1243 784 1340 845 mus,
1376 757 1570 830 Ecclesiam
1590 755 1660 828 Dei
1688 780 1763 826 non
1789 755 2015 824 interituram
2038 775 2129 839 esse,
2159 777 2241 822 non

1244 875 1326 932 sunt
1349 860 1512 930 exercitia
1533 858 1715 929 doctrinae
1739 877 1885 947 prorsus
1915 853 2124 927 omittenda.
2187 850 2243 923 Et

1245 964 1363 1055 aliqua
1379 962 1544 1032 dolorum
1567 959 1696 1030 levatio
1719 961 1773 1028 est'
1795 956 2018 1026 eruditorum
2031 960 2242 1024 sermonum

1245 1064 1412 1132 derebus
1431 1060 1575 1154 optimis
1594 1057 1884 1130 communicatio:
1907 1055 2062 1150 quamsi
2078 1054 2162 1148 quis
2178 1076 2243 1123 sua

1246 1187 1349 1233 causa
1373 1187 1448 1231 non
1472 1162 1615 1253 expetit:
1651 1173 1768 1230 tamen
1794 1157 1906 1228 virtus
1934 1169 2006 1240 est,
2045 1156 2139 1225 velle
2164 1154 2245 1223 aliis

1246 1261 1315 1333 hoc
1334 1263 1441 1332 officii
1462 1284 1588 1350 genere
1611 1260 1724 1330 lenire
1746 1257 1970 1328 moestitiam.
2022 1253 2245 1347 Conspectus

1248 1364 1342 1434 enim
1357 1377 1392 1434 et
1404 1363 1517 1433 oratio
1535 1386 1676 1446 eorum,
1702 1382 1855 1454 quorum
1866 1357 1996 1428 similis
2014 1370 2067 1429 est
2086 1358 2245 1441 fortuna,

1247 1466 1366 1558 aliqua
1381 1477 1432 1534 est
1447 1464 1575 1535 levatio
1593 1464 1780 1548 dolorum,
1801 1472 1843 1531 ut
1864 1459 1905 1529 in
1924 1458 2138 1530 dulcissimis
2160 1480 2246 1527 ver-

1246 1567 1344 1637 sibus
1363 1564 1513 1635 dicitur:

1294 1734 1297 1743 ·
1417 1698 1449 1759 Γ
1445 1694 1524 1779 [porc
1544 1686 1664 1778 γερὸπι
1683 1696 1826 1776 γλῶτταν
1845 1685 1973 1773 ἡδίστην
1993 1682 2065 1775 ἕχει,1

1333 1781 1418 1857 Παῖς
1438 1779 1543 1862 παιδὶ,
1564 1778 1614 1839 καὶ
1635 1778 1752 1858 γυναικὶ
1773 1771 1956 1860 πρόσφορον
1976 1771 2064 1859 γυνή,

1415 1859 1558 1929 Νοσῶντ’
1582 1859 1664 1945 ἀνὴρ
1685 1857 1846 1944 νοσούντι,
1867 1861 1916 1921 xci
1938 1858 2093 1949 δυσπαξίρ

1332 1949 1505 2032 Ληφθεὶς,
1526 1941 1645 2020 ἐπωδός
1666 1944 1732 2009 ἐστι
1754 1948 1802 2029 tq)
1822 1942 2011 2030 πειρωμένῳ.

1348 2082 1465 2154 Deum
1487 2092 1605 2152 autem
1625 2094 1829 2164 aeternum,
1853 2075 1994 2150 Patrem
2010 2074 2161 2149 Domini
2174 2102 2245 2151 no·

1248 2184 1313 2256 stri
1328 2182 1357 2260 l.
1369 2180 1431 2270 C.,
1454 2182 1676 2254 conditorem
1694 2180 1831 2269 generis
1846 2174 2051 2251 humaniet
2064 2177 2244 2251 Ecclesiae

1248 2309 1331 2356 suae
1347 2308 1509 2369 oramus,
1532 2297 1575 2353 ut
1589 2296 1623 2353 et
1635 2279 1827 2352 Ecclesiam
1841 2294 1957 2371 regat,
1981 2281 2156 2355 etlumen
2170 2276 2241 2353 Ec·

1188 2454 1197 2471 ,
1248 2386 1374 2456 clesiae
1393 2410 1467 2456 non
1491 2385 1583 2456 sinat
1603 2383 1789 2473 exstingui.
1842 2381 1902 2457 19.
1924 2379 2103 2469 hnuarii,
2129 2377 2239 2453 Anno

1251 2483 1362 2563 1548.

1258 2832 1453 2908 Nalm.
1529 2816 1532 2821 ’

1253 2930 1468 2967 m

1427 3032 1635 3150 Cruciger
1663 3035 1727 3122 ad
1761 3035 2064 3127 Academicos.

1317 3191 1424 3264 saepo
1436 3191 1511 3266 pust.
1525 3194 1611 3250 aaa.
1625 3194 1707 3254 wa.
1725 3195 1757 3252 r.
1770 3197 1794 3253 1.
1811 3160 1840 3271 ρ’.
1851 3196 1928 3254 sort
1940 3216 1985 3270 q.

2088 2847 2149 2912 20·
2164 2836 2227 2910 lm.

2078 2932 2235 2959 m

1247 3342 1385 3421 Rector
1400 3343 1620 3422 Academiae
1643 3346 1850 3448 Witeberg.
1865 3346 2019 3455 Caspa
2029 3376 2108 3428 rus
2126 3304 2237 3430 Cru-

1581 3448 1726 3547 εἰςιν,
1756 3449 1921 3540 Doctor„
2082 3514 2086 3519 ,

1249 3562 1397 3656 Multae
1411 3594 1494 3654 sunt
1513 3604 1663 3674 magnae
1686 3608 1830 3674 causae,
1853 3600 2108 3685 propterque:
2129 3604 2241 3665 morte

1250 3696 1456 3754 nostrorum
1478 3683 1599 3754 dolere
1614 3709 1679 3756 nos
1694 3687 1827 3757 iustum
1843 3703 1904 3764 est.
1954 3688 2049 3761 Vult
2065 3692 2162 3763 enim
2176 3716 2238 3766 not

1250 3787 1352 3856 Deus
1364 3783 1468 3853 adfici
1484 3785 1660 3856 desiderio
1675 3800 1901 3872 nostrorum,
1921 3790 2000 3864 vult
2021 3816 2091 3864 nos
2111 3794 2239 3887 cogita-

1252 3908 1309 3967 re,
1335 3908 1399 3955 cur
1415 3907 1524 3977 genus
1539 3882 1736 3959 humanum
1751 3902 1785 3960 et
1798 3905 1912 3963 morte
1934 3904 1969 3964 et
1988 3892 2130 3989 reliqna
2151 3896 2239 3967 mole

1251 3984 1489 4057 calamitatum
1508 4001 1694 4060 oneratum
1713 3989 1771 4060 sit.
1820 3990 1892 4065 Sed
1908 4016 2032 4067 rursus
2045 3996 2155 4067 etiam
2169 3999 2240 4071 vult

1251 4109 1317 4156 nos
1336 4087 1514 4157 moderari
1542 4089 1723 4175 dolorem,
1761 4092 1839 4162 vult
1862 4093 1973 4185 aspici
1992 4094 2111 4169 lilium
2130 4092 2240 4188 suom,

1251 4188 1437 4257 dominum
1464 4201 1626 4259 nostrum
1657 4188 1773 4262 lesum
1794 4188 1996 4281 Christum,
2036 4200 2237 4272 crucilimm

1251 4291 1322 4378 pro‘
1331 4287 1435 4356 nobis
1450 4301 1484 4358 et
1497 4293 1735 4378 resucitatum,
1759 4317 1823 4385 per
1839 4319 1944 4389 quem
1957 4298 2119 4371 reddidit
2132 4316 2238 4373 aeter·

1250 4411 1334 4456 nam
1362 4388 1485 4464 vitam.
1549 4388 1710 4485 Cumque
1729 4393 1799 4485 piis
1821 4398 1972 4468 sciamus
1993 4413 2149 4473 mortem
2176 4402 2237 4473 iter

1251 4510 1323 4558 esse
1355 4489 1401 4557 ad
1427 4503 1605 4560 aeternam
1632 4494 1790 4565 coelestis
1809 4491 1987 4568 Ecclesiae
2011 4502 2235 4575 consuetudi-

1251 4614 1351 4675 nem,
1376 4591 1454 4659 vult
1469 4614 1535 4660 nos
1550 4593 1761 4681 cogitatione
1778 4596 1854 4666 eius
1868 4598 1955 4667 boni
1969 4598 2085 4672 lenire
2099 4603 2235 4675 moesti·

1250 4690 1359 4774 ciam,
1383 4690 1460 4759 vult
1481 4704 1515 4761 et
1531 4693 1569 4760 in
1582 4695 1687 4763 nobis
1702 4694 1787 4787 ipsis
1801 4698 2015 4769 desiderium
2035 4705 2183 4775 accendi
2196 4705 2235 4775 il-

635 4769 673 4838 in
697 4768 840 4860 publico
865 4768 1025 4837 &lamine
1047 4771 1200 4841 erudlllO
1249 4791 1319 4860 lius
1335 4790 1490 4861 melioris
1506 4793 1610 4880 vitae,
1630 4796 1668 4863 in
1683 4818 1752 4888 qua
1767 4797 1970 4870 dulcissima
1984 4806 2236 4878 consuetudine

213 4893 355 4951 eorum,
382 4871 446 4965 qui
457 4894 553 4988 ¹¹11}st
570 4870 812 4963 testimonium
828 4870 872 4938 de
894 4869 1021 4986 {indlls
1041 4870 1115 4940 θυῖε
1138 4895 1201 4962 pe·
1248 4890 1316 4961 Dei
1330 4904 1365 4962 et
1380 4892 1517 4962 domini
1530 4895 1643 4965 nostri
1660 4893 1739 4967 lesu
1754 4892 1888 4971 Christi
1903 4913 1936 4970 ct
1951 4901 2142 4977 universae
2158 4906 2236 4978 reli·

211 4985 311 5090 tunt,
335 4972 607 5090 explorabitur..
622 4966 730 5068 'Cum
743 4981 874 5087 ’autem
897 4970 1070 5086 inspicere
1085 4973 1200 5088 studia
1249 5014 1338 5085 quae
1352 4986 1530 5063 Ecclesiae
1546 4997 1725 5091 fruemur,
1742 4982 1814 5081 'obi
1831 5013 1865 5070 te
1888 4995 1946 5097 [i]
1962 5000 2058 5073 filius
2076 5006 2152 5079 Dei
2167 5008 2236 5103 ipse

211 5085 406 5189 luvessiullf
421 5067 708 5188 honeqllssslmllm
724 5084 784 5141 stt:
811 5092 875 5139 01‘0
891 5082 926 5140 el
946 5070 1044 5156 Illos,
1070 5075 1199 5165 qulbuss
1248 5092 1514 5183 complectetur,
1550 5095 1619 5165 ubi·
1641 5098 1840 5168 suavissimi
1860 5124 2040 5173 semona
2063 5123 2175 5182 “lint
2196 5110 2235 5180 de

210 5170 418 5262 gubernatio
440 5173 640 5244 studiorum
663 5170 906 5242 commendata
927 5182 998 5254 est,
1013 5185 1063 5287 'et
1085 5187 1198 5246 caete-
1247 5192 1418 5283 „pientia
1443 5208 1477 5267 et
1497 5195 1635 5268 iusticia
1656 5194 1725 5270 Dei
1750 5223 1832 5272 cum
1844 5199 2011 5293 Angelis,
2046 5229 2131 5280 tum
2148 5208 2236 5282 pm.

1246 5288 1362 5385 phetis
1377 5308 1411 5367 et
1424 5290 1616 5387 Apostolis.
1667 5295 1764 5371 Haec
1787 5300 1876 5389 cnm*
1889 5303 1930 5375 iu
1948 5304 2139 5382 funeribus
2163 5323 2236 5384 tum

241 5421 399 5490 *tutone
414 5440 487 5479 anno
502 5421 578 5479 test.
1245 5415 1329 5465 vero
1344 5388 1430 5465 alias
1447 5416 1548 5490 saepe
1571 5397 1756 5490 cogitanda
1778 5415 1873 5481 sont.
1921 5396 1977 5475 Ae
1999 5398 2110 5498 bodie
2132 5412 2238 5485 sunus
