4882 6436
285 314 359 388 285

286 482 535 561 Ioacleimo
568 476 846 581 Camerario
881 486 958 560 viro
984 485 1130 578 clariss.
1160 488 1280 560 amieo

692 614 723 666 s.
738 615 867 666 curres.

284 706 329 810 S.
354 738 400 810 D.
456 738 657 810 Multonrm
683 735 871 810 hominum
901 742 940 810 in
963 736 1029 810 bac
1053 742 1136 830 luga
1160 751 1280 812 nostra

284 845 440 916 rationes
463 856 498 911 et
520 865 597 933 spes
616 837 706 911 mihi
729 845 876 914 fuerunt
902 844 1096 934 impositae.
1155 841 1279 938 Neque

284 971 348 1035 ego
373 947 505 1028 ullius,
547 958 721 1035 quantum
750 970 806 1015 res
837 959 1028 1029 concessit,
1071 970 1278 1036 opinionem
1329 999 1372 1075 τὸ
1401 1029 1651 1103 συγγραμμα,
1684 1010 1888 1095 praesertim
1913 1034 1992 1079 cum
2011 1005 2098 1082 haec
2118 1018 2331 1107 parsoperis

1330 1108 1375 1176 sit
1391 1108 1540 1176 erudita.
1594 1106 1635 1175 ln
1652 1101 1841 1177 Marcelli
1858 1104 1895 1201 6)
1917 1113 2030 1181 literis
2052 1132 2136 1187 sunt
2158 1112 2329 1190 historica

1332 1211 1397 1278 tibi
1415 1202 1449 1298 ⁷)
1481 1208 1627 1296 legenda
1651 1224 1685 1281 et
1708 1209 1798 1282 Rev.
1826 1207 1931 1285 Dom.
1955 1212 2107 1310 Pastori.
2171 1217 2270 1291 Bene
2294 1238 2330 1295 et

1328 1309 1477 1378 feliciter
1494 1310 1582 1383 vale.
1632 1308 1700 1400 Die
1720 1314 1780 1386 16.
1798 1311 2065 1411 Novembris⁸).

2080 1394 2153 1492 rt..
2174 1422 2227 1493 M.

283 1052 470 1120 frustratus
483 1070 574 1120 sum.
623 1045 693 1116 Sed
710 1048 917 1141 neutiquam
933 1049 1033 1138 potui
1049 1062 1186 1118 tantum
1204 1049 1280 1117 elfi-

284 1175 381 1232 cere,
419 1163 592 1243 quantum
622 1150 817 1239 cupiebam.
883 1148 1074 1220 Collectam
1100 1152 1279 1242 quandam

284 1251 465 1323 imbellem
500 1275 647 1342 manum
683 1253 857 1320 abducere
896 1251 1036 1341 longius
1071 1253 1279 1341 cogitabam.

284 1356 356 1428 Sed
375 1379 455 1425 cum
474 1353 690 1422 rescivissem
707 1353 745 1420 in
760 1354 954 1422 maximum
976 1355 1168 1424 discrimen
1192 1379 1279 1426 ven-

284 1472 383 1530 turos
412 1479 554 1537 omnes,
598 1454 627 1522 si
654 1457 966 1545 progrederemur,
1007 1481 1121 1550 neque
1144 1457 1278 1526 reculas

284 1573 396 1641 tutas,
421 1582 536 1650 neque
562 1580 709 1646 corpora
735 1558 906 1627 inviolata
930 1559 1067 1643 futura,
1101 1557 1278 1627 converti-

873 312 1349 407 ,EPlSTOLARUM‘
1390 318 1500 398 ΗΒ.
1526 321 1572 399 X.
1604 324 1736 417 1546.

2252 332 2330 411 284

1355 495 1488 576 uodam
1511 498 1619 565 vestri
1642 497 1838 582 desiderio,
1868 522 1949 568 cum
1972 512 2090 569 tamen
2115 503 2331 592 dubitarem,

1265 602 1270 611 '
1332 617 1378 662 an
1412 597 1499 666 urbs
1520 612 1668 689 pateret.
1728 597 1837 671 Mitto
1868 613 1901 669 et
1930 603 2076 692 paginas
2102 598 2194 676 Vite
2224 620 2331 702 typo-

1331 693 1465 790 grapho
1479 694 1532 795 ³),
1565 702 1744 770 addendas
1766 700 1939 772 Meniano
1959 703 2090 796 scripto
2110 701 2157 799 ⁴).
2209 705 2331 806 tlslr

1331 795 1370 871 (λ’
1392 797 1534 874 ἄτοπόν
1549 801 1649 873 ἐστιν
1664 795 1839 884 τοιαύτας
1854 798 2099 899 παρακλήσεις
2111 801 2274 906 γράφειν
2288 812 2328 887 ἐν

1330 897 1563 996 δυστυχίαις,
1592 898 1694 994 ὁμῶς
1708 901 1777 975 οὐκ
1792 904 1931 998 ἤθελον
1946 904 2141 982 ἀτέλεστον
2157 908 2330 1012 λείπειν)

2183 1637 2319 1651 ⁸-—

283 1684 363 1731 mus
388 1660 472 1744 iter,
513 1672 547 1727 et
574 1658 753 1748 dissipati,
792 1659 855 1727 ubi
876 1661 1008 1753 quique
1036 1683 1072 1727 se
1094 1658 1276 1729 inventuri
1333 1686 1336 1692 ·

281 1764 401 1832 sedem
418 1773 627 1852 sperarunt,
653 1785 693 1829 eo
708 1785 772 1830 nos
787 1762 1012 1832 contulimus.
1064 1757 1140 1850 Ego
1157 1762 1194 1828 in
1212 1785 1277 1851 op·
1327 1760 1393 1833 No.
1413 1761 1525 1835 8618.

280 1866 367 1958 pido
393 1858 556 1933 Serbeste
581 1887 792 1935 commoror.
845 1862 1001 1931 Manebo
1024 1864 1184 1954 quandiu
1211 1887 1277 1965 po-

280 1981 369 2039 tero.
421 1963 541 2034 Nolim
558 1978 675 2034 autem
692 1966 784 2034 ullos
796 1967 1064 2060 μιγαλαυχεῖν,
1089 1965 1189 2057 quasi
1203 1967 1276 2034 reb.

281 2069 351 2138 iam
372 2067 548 2137 conlectis.
610 2062 739 2135 Adhuc
759 2066 855 2132 enim
873 2067 1011 2154 negotia
1029 2067 1094 2134 ista
1111 2068 1276 2157 imperie-

279 2184 333 2241 cta
357 2185 459 2254 sunt,
487 2163 552 2240 καὶ
575 2163 621 2237 ἔτ’
637 2165 796 2237 ὄπισθεν
813 2161 1015 2260 ἀμέτρητος
1032 2160 1145 2248 πόνος
1161 2172 1275 2253 ἔσται,

280 2271 353 2361 Qui
374 2273 521 2341 fortasse
545 2267 712 2356 corripiet
738 2292 815 2352 eos,
850 2270 911 2360 qui
936 2294 1031 2338 nunc
1051 2271 1165 2339 securi
1183 2286 1275 2356 sunt,

279 2389 314 2445 et
341 2375 470 2443 deinde
494 2372 578 2440 item
603 2369 702 2441 alios.
764 2367 890 2459 Magni
913 2372 1008 2439 enim
1031 2387 1064 2443 et
1090 2373 1185 2442 saevi
1206 2373 1274 2441 llu-

2169 1789 2224 1850 17.
2240 1782 2322 1850 Nor.
2431 1810 2436 1826 ¹

2179 1876 2301 1902 M

1671 1947 1714 2034 C.
1728 2079 1730 2083 ,
1742 1948 1983 2067 Crucigcru

1364 2174 1367 2179 .
1400 2124 1499 2180 satu.
1523 2126 1607 2199 epta.
1626 2129 1726 2198 ..sse
1762 2132 1875 2204 epulor.
1901 2134 1949 2191 tu.
1967 2134 1989 2192 ι.
2005 2135 2110 2260 pres.
2135 2137 2210 2204 (eati.
2233 2138 2325 2196 rona.

1432 2192 1480 2249 lib.
1493 2197 1512 2251 Ι.
1531 2216 1574 2267 ep.
1586 2201 1652 2268 85).
1670 2227 1703 2240 -
1729 2202 1913 2275 Apogrrpbon
1928 2207 1956 2259 in
1969 2224 2002 2261 co
2024 2205 2125 2261 ‚Goth
2138 2209 2199 2264 tot.
2217 2211 2286 2281 pet
2297 2208 2324 2267 b.

1416 2347 2236 2462 CasporoCrucigeroD.Tbeologiae,
2297 2413 2306 2433 .

253 2479 256 2484 ’
278 2489 356 2547 etus
369 2473 537 2545 commoti
551 2468 644 2556 ⁵⁶⁰1,
671 2471 734 2565 (19ἱ
750 2471 852 2540 facile
868 2474 985 2542 5911311
1002 2498 1073 2542 ⁰⁰¹¹
1094 2489 1272 2563 9019911111·
1326 2482 1368 2572 S.
1394 2499 1438 2575 D.
1491 2499 1580 2573 Cum
1600 2506 1639 2575 in
1655 2504 1775 2578 schola
1797 2512 1874 2581 sine
1895 2513 2066 2584 mediocri
2087 2520 2200 2587 animi
2225 2532 2326 2591 tran-

277 2577 350 2648 Sed
372 2598 438 2645 nos
460 2576 505 2643 ad
528 2586 689 2643 nostrum
715 2574 929 2664 praesidium
953 2577 1216 2665 confugiamus,
1242 2590 1276 2645 et

277 2679 483 2750 invocemus
515 2688 652 2767 patrem
680 2671 829 2744 Domini
859 2689 893 2744 et
926 2677 1127 2747 liberatoris
1160 2678 1274 2748 nostri

278 2779 359 2852 lesu
372 2774 526 2864 Christi,
552 2791 586 2847 et
603 2800 755 2861 oremus,
780 2791 820 2846 ut
835 2779 950 2846 nostri
967 2780 1176 2849 misereatur
1190 2805 1275 2872 pro-

277 2896 357 2974 pter
384 2903 515 2950 nomen
540 2902 663 2962 suum,
699 2893 734 2949 et
757 2894 939 2950 conservet
961 2878 1172 2950 Ecclesiam:
1205 2880 1275 2953 Cui

276 2982 354 3056 Deo
369 2981 691 3053 misericordiarum
709 2992 743 3050 te
767 3004 909 3074 quoque
930 2996 965 3052 et
989 2996 1068 3053 tuos
1092 3008 1274 3053 commen-

277 3088 336 3162 do.
388 3084 490 3158 Vale.

932 3180 1028 3258 Phil.
1047 3182 1223 3256 Melanth.

280 3410 617 3423 mm

275 3547 344 3620 No.
359 3547 471 3622 3617.

281 3645 454 3675 Μ

873 3564 930 3624 16.
946 3555 1024 3620 Nor.
1049 3556 1246 3641 (Servestae.)

835 3654 1269 3701 m

664 3732 712 3819 Ρ.
741 3731 888 3818 Ελιενυ.

338 3911 1150 4053 ⁸⁹³⁸¹·l¹'¹·stt·‘tit‘tertullae-tt‘t'ts
1172 3915 1268 4054 litt

377 4014 410 4025 -
458 4003 642 4055 pogreprtn
721 4021 727 4035 .
819 4020 828 4036 .
895 4018 903 4035 .
941 4020 948 4035 .
994 4018 1003 4037 .
1161 4022 1168 4037 .
1262 4018 1270 4033 .

377 4073 404 4125 r·
418 4051 469 4130 11·
897 4072 909 4084 ·

274 4196 500 4279 Clarissimo
521 4200 597 4269 viro
619 4208 650 4267 et
672 4194 874 4269 eruditione
894 4199 1120 4295 praestanti,
1153 4199 1268 4280 Dom.

299 4302 416 4400 Mag.
431 4297 580 4375 Paulo
599 4298 639 4369 E
647 4298 767 4382 bero,
795 4302 914 4372 amico
928 4313 960 4373 el
968 4302 1096 4403 fratri
1109 4303 1237 4382 eariss.

273 4433 320 4525 S.
338 4451 384 4523 D.
436 4449 475 4522 si
490 4450 670 4543 quid'opis
688 4451 826 4518 adferre
847 4475 985 4542 possem
1006 4456 1158 4544 patriae,
1184 4481 1266 4526 nam

273 4552 500 4626 Academiam
517 4553 638 4622 eteius
655 4554 771 4620 sedem
787 4577 869 4621 vere
885 4549 1003 4623 iudico
1016 4578 1091 4625 esse
1105 4559 1267 4647 patriam,

274 4657 428 4727 libenter
447 4656 554 4723 vitam
577 4655 838 4744 profunderem.
893 4652 996 4724 Nunc
1018 4660 1103 4748 quid
1127 4662 1265 4729 consilii

273 4756 380 4853 cui¹)
409 4759 492 4825 dare
513 4754 723 4846 possumus?
781 4753 950 4847 Princeps
974 4759 1089 4841 abest,
1127 4760 1265 4849 ignotae

273 4873 356 4932 sunt
382 4859 485 4928 nobis
509 4856 649 4925 aulicae·
667 4857 883 4940 voluntates,
915 4859 1034 4928 omnia
1056 4862 1160 4950 plena
1184 4878 1266 4933 sunt

273 4963 514 5055 suspicionum
531 4960 586 5027 vel
604 4959 706 5027 etiam
726 4958 902 5030 odiorum.
954 4958 1071 5030 Taceo
1088 4959 1127 5057 ²)
1148 4964 1266 5053 igitur,

272 5078 308 5135 et
332 5060 447 5134 Deum
476 5086 560 5145 oro,
599 5074 639 5131 ut
664 5060 824 5128 miserias
848 5061 934 5129 istas
962 5061 1071 5134 leniat
1100 5065 1266 5158 principi,

272 5165 406 5259 populo
429 5178 462 5243 et
484 5162 600 5237 nobis.
666 5159 754 5233 Misi
779 5156 874 5232 hunc
899 5161 1122 5235 tabellarium
1150 5163 1265 5241 isthuc

271 5331 466 5345 ——n

308 5418 336 5485 1)
357 5415 425 5472 cod.
441 5413 523 5487 brug.
538 5417 659 5469 cattam.

305 5504 334 5574 2)
353 5502 423 5561 cot.
437 5502 519 5573 brug.
532 5500 630 5557 Lateo.

1327 2603 1522 2696 quillitate,
1550 2608 1606 2676 vel
1624 2610 1700 2678 sine
1716 2606 1894 2683 hilaritate
1906 2617 2025 2706 potius
2040 2613 2134 2688 nihil
2158 2623 2326 2694 decenter

1328 2706 1402 2773 lieri
1418 2707 1546 2798 possit,
1573 2722 1685 2780 totum
1703 2714 1892 2784 consilium
1908 2742 2030 2788 eorum
2049 2722 2113 2814 qui
2131 2747 2197 2793 nos
2213 2725 2253 2793 in
2267 2726 2326 2794 vi-

1327 2807 1443 2878 cinam
1458 2797 1717 2909 Purllrenopen
1734 2817 1955 2907 ablegarunt,
1981 2817 2214 2912 reprehendo.
2249 2825 2326 2898 Vo-

1327 2909 1464 2979 biscum
1483 2936 1556 2982 esse
1572 2916 1714 3002 malim,
1738 2920 1803 2988 ubi
1820 2922 1886 2989 etsi
1900 2923 1971 2992 mei
1987 2947 2073 2994 usus
2095 2928 2242 3017 exiguus
2266 2954 2324 3000 es·

1328 3027 1395 3096 set,
1425 3027 1543 3083 tamen
1564 3016 1647 3110 quia
1670 3033 1773 3109 turpe
1793 3019 1882 3091 mihi
1908 3027 2016 3111 duco,
2041 3028 2086 3098 ab
2105 3029 2176 3098 illis
2195 3032 2324 3102 vestris

1327 3113 1398 3183 aris
1421 3116 1484 3185 tali
1509 3131 1667 3210 tempore
1692 3122 1905 3208 discessisse,
1946 3129 2066 3198 minor
2095 3146 2183 3201 esset
2206 3133 2323 3209 dolor.

1327 3213 1377 3307 (et
1391 3213 1547 3307 Expecto
1566 3223 1718 3292 reditum
1739 3226 1933 3312 tabellarii,
1959 3254 2063 3322 quern
2090 3227 2168 3301 heri
2189 3237 2235 3304 ad
2257 3261 2323 3308 vos

1326 3317 1434 3414 misi.)
1442 3312 1490 3411 ¹⁵).
1542 3318 1587 3395 D.
1605 3318 1823 3396 Ioacltimus
1839 3333 1954 3414 adest,
1975 3333 2039 3424 qui
2057 3335 2193 3404 doloris
2210 3339 2323 3408 socie-

1326 3431 1396 3489 tate
1422 3421 1593 3512 optimam
1620 3439 1655 3496 et
1684 3430 1939 3500 sanctissimam
1972 3436 2191 3506 voluntatem
2221 3463 2323 3511 suam

1326 3544 1407 3611 erga
1422 3547 1487 3594 nos
1504 3528 1686 3618 perspicue
1702 3532 1867 3606 declarat.
1920 3533 1959 3605 Si
1985 3539 2134 3608 consilio
2160 3556 2222 3612 aut
2241 3544 2323 3612 olfi-

1325 3624 1379 3692 cio
1397 3626 1518 3719 aliquo
1533 3629 1637 3698 etiam
1656 3630 1778 3702 iuvare
1801 3633 1901 3703 illam
1923 3660 2004 3706 vere
2026 3641 2176 3730 patriam
2201 3667 2323 3735 posse-

1325 3749 1421 3810 mus,
1456 3752 1531 3797 non
1565 3733 1810 3820 defugeremus
1842 3751 1876 3807 et
1911 3740 2050 3810 labores
2084 3756 2118 3812 et
2148 3747 2322 3834 pericula.

1324 3824 1561 3920 impedimur,
1602 3846 1643 3903 ut
1672 3836 1759 3920 scis,
1800 3841 2061 3929 suspicionibus
2092 3839 2116 3936 ἢ
2145 3843 2322 3940 εὐηθείας

1322 3933 1400 4001 τιῦν
1418 3929 1458 4002 ἐν
1472 3927 1582 4018 τέλει,
1610 3933 1646 4007 οἱ
1658 3933 1834 4034 γέμοντες
1847 3937 2025 4035 ἐλπίδων,
2061 3948 2210 4019 consilia
2234 3945 2323 4025 ὀνό-

1321 4053 1415 4122 μασι
1430 4029 1525 4104 καλοὶ
1542 4055 1766 4128 proponunt,
1792 4067 1881 4135 quae
1902 4047 2038 4115 utinam
2055 4049 2125 4118 sint
2141 4051 2321 4131 salutaria.

1322 4131 1419 4203 Bene
1435 4149 1469 4204 et
1483 4137 1631 4209 leliciter
1650 4142 1737 4209 vale.
1788 4140 1856 4213 Die
1877 4147 1938 4217 17.
1954 4147 2127 4224 Novemb.
2148 4149 2261 4231 1546.

1355 4469 1385 4534 8)
1405 4470 1471 4522 Vite
1486 4480 1542 4540 typ.
1556 4475 1745 4542 praetermittit
1759 4479 1822 4531 cod.
1837 4479 1918 4533 Goth.
1934 4481 1994 4536 191.

1355 4553 1541 4675 ἢάἱιῖὶτιῑμιυπι
1563 4555 1665 4610 Meniie
1690 4572 1740 4615 eust
1762 4563 1805 4617 brt
1825 4563 1986 4634 Dutbwcbt,
2012 4568 2057 4621 cui
2078 4570 2145 4627 blei.
2167 4571 2245 4644 plura
2264 4577 2317 4632 atl-

1356 4708 1383 4770 5)
1404 4707 1473 4760 Cod.
1489 4707 1570 4764 Goth.
1587 4709 1646 4766 191.
1663 4718 1762 4769 λιπεῖν.

1354 4790 1382 4858 6)
1400 4792 1530 4843 Marcelli
1560 4805 1633 4847 recte
1658 4797 1723 4851 cod.
1744 4799 1830 4866 Lang.
1866 4797 1933 4853 Nam
1956 4803 2105 4862 Marcellus
2125 4828 2187 4864 eum
2203 4811 2318 4867 Melen-

1389 4860 1471 4912 thone
1486 4869 1542 4912 erat
1558 4861 1585 4913 in
1600 4862 1688 4917 erilio.
1726 4868 1794 4921 Cod.
1808 4867 1894 4923 Goth.
1911 4871 1968 4924 191.
1984 4873 2070 4929 Pauli
2081 4895 2131 4949 pro
2145 4880 2286 4937 Marcelli.

1350 4942 1378 5010 7)
1396 4944 1447 4995 tibi
1460 4944 1557 4997 excidit
1572 4966 1586 4997 e
1600 4947 1663 5003 cod.
1684 4947 1766 5004 Goth.
1782 4951 1841 5004 191.

1351 5026 1378 5093 8)
1399 5027 1482 5100 ,,Κςλν
1494 5052 1528 5064 ·-
1548 5030 1589 5085 16.
1603 5028 1692 5086 Νου.”
1712 5032 1833 5088 Pereliur
1846 5055 1902 5090 non
1916 5036 2004 5095 habet.

1349 5111 1378 5182 *)
1402 5113 1474 5168 llaec
1493 5132 1549 5167 non
1570 5114 1698 5186 leguntur
1711 5119 1738 5172 io
1752 5121 1815 5175 cod.
1830 5119 1914 5177 Goth.
1927 5135 1954 5178 et
1969 5128 2094 5185 ridentur
2106 5153 2136 5188 er
2146 5136 2270 5209 margine
2285 5142 2314 5197 iu
2330 5156 2335 5163 “

1384 5183 1583 5305 hi1⁰i¹⁰⁰⁰⁰¹’
1611 5205 1668 5243 oon
1685 5187 1816 5243 idoneum
1832 5191 1979 5267 irrepsisse.
2020 5196 2101 5257 Certe
2120 5215 2148 5258 et
2166 5205 2314 5265 delendum

1384 5270 1409 5304 n
1429 5270 1443 5305 e
1457 5270 1498 5309 rr.
