4882 6426
195 331 276 437 ns
308 323 319 335 ‘

984 501 1032 563 die
1048 502 1198 581 brumae„

973 587 1186 624 Μ

436 668 467 697 ”
547 694 611 808 Io
642 690 846 803 sagetia.
880 678 882 683 ⁵

265 859 355 913 Dans.
379 875 441 930 epp.
456 856 489 911 sd
504 856 598 927 Stigel.
611 874 657 927 ep.
666 855 710 911 29.
745 851 815 907 Cod.
829 851 915 907 Gotb.
930 851 988 910 188.
1003 871 1045 926 ep.
1061 851 1105 908 98.

196 1009 423 1087 Clarissimo
450 1012 548 1100 viro,
580 1006 803 1097 eruditione,
832 1009 961 1080 virtute
990 1018 1021 1079 et
1055 1007 1199 1104 ingenii

188 1108 376 1215 felicitate
405 1113 632 1210 praestanti,
666 1108 721 1189 D.
753 1110 784 1185 I
789 1111 939 1183 oanni
972 1107 1217 1223 Stigelqio,

407 1217 526 1287 amico
550 1241 618 1286 suo
644 1215 856 1299 carissimo,
883 1211 922 1285 S.
935 1209 989 1284 D.

190 1346 249 1434 Ὠ
261 1368 316 1458 τῷ
332 1356 605 1457 aenoandron
625 1362 724 1458 Θιιῇ,
751 1358 815 1434 καὶ
832 1363 915 1441 ταῖς
934 1353 1114 1438 Μούσαις
1131 1353 1199 1429 αὐ-

196 1472 266 1539 τοῦ
274 1460 312 1563 *)
333 1461 397 1536 καὶ
412 1462 493 1556 ἐμοὶ
507 1460 672 1559 φίλτατε.
713 1460 814 1533 Olim
831 1488 886 1533 me
904 1461 1037 1532 Bruma
1054 1465 1097 1528 de
1114 1461 1196 1528 dul-

198 1569 346 1639 cissimis
362 1565 557 1661 Halcyonis
572 1567 784 1637 admonebat
794 1575 811 1646 ,l
828 1589 926 1636 nunc
941 1566 986 1634 de
1000 1561 1195 1656 Halcyonis

197 1671 297 1742 luctu
312 1693 369 1737 me
383 1667 662 1752 commonefacit,
682 1692 771 1762 quae
787 1668 915 1736 amisso
931 1664 1080 1752 coniuge
1096 1687 1195 1732 moe-

198 1770 292 1843 stitia
319 1771 492 1850 moritur,
528 1794 598 1862 qua
627 1771 672 1840 de
695 1793 733 1839 re
762 1792 901 1852 versus,
934 1781 987 1838 est
1012 1761 1195 1836 Theocriti

201 1865 395 1972 [Moschi]:

238 1963 406 2041 Ἆλινόνος
422 1963 450 2030 δ’
465 1964 501 2031 osi
514 1962 628 2032 τόσσον
641 1963 688 2032 ln’
704 1965 828 2051 dorcon
843 1966 945 2048 ἲσχετο
962 1962 1064 2048 [ἴαχε]
1081 1958 1170 2044 κῆϋξ.

198 2071 360 2143 Proiecto
384 2073 434 2141 sic
455 2071 633 2141 Ecclesiae
655 2097 728 2141 non
752 2084 890 2141 tantum
915 2073 1009 2160 apud
1026 2094 1110 2153 vos,
1134 2071 1196 2138 sed

199 2174 238 2244 in
262 2168 328 2242 hac
351 2196 432 2251 ora,
463 2187 515 2255 et,
546 2186 587 2243 ut
609 2173 734 2257 audio,
759 2172 797 2240 in
831 2192 955 2260 magna
983 2168 1196 2240 Germaniae

200 2289 321 2368 parte,
344 2274 466 2362 lugent
488 2273 634 2344 exilium
659 2273 786 2366 optimi
807 2269 995 2362 Principis.
1046 2270 1117 2341 Sed
1140 2295 1195 2340 re·

202 2379 307 2446 ducet
343 2399 423 2443 eum
452 2371 571 2458 Deus,
603 2374 665 2467 qui
696 2388 778 2443 vota
810 2387 843 2442 et
877 2374 1026 2462 gemitus
1057 2385 1197 2441 nostros

200 2501 283 2548 vere
296 2476 475 2547 exaudivit
489 2498 610 2566 saepe,
634 2489 669 2545 et
685 2489 725 2546 ut
741 2498 822 2546 eum
841 2477 997 2559 reducat,
1022 2486 1096 2544 toto
1116 2498 1195 2541 cum

202 2592 342 2673 pectore
355 2602 430 2649 oro.
481 2574 708 2661 Dialecticen,
732 2574 943 2659 utvoluisti,
967 2574 1081 2657 mitto,
1108 2599 1196 2666 qnae

188 2690 242 2750 ‘eo
261 2680 370 2768 magis
387 2679 538 2768 placebit
554 2679 684 2758 doctis,
710 2678 794 2770 quia
810 2676 879 2746 tuis
895 2676 1057 2745 versibus
1072 2688 1197 2745 ornata

202 2794 264 2856 est.
317 2779 461 2851 Gratias
477 2802 541 2867 ago
557 2779 635 2865 tibi,
661 2781 756 2872 quod
773 2802 874 2870 saepe
891 2776 1033 2846 scribis:
1061 2790 1095 2846 et
1111 2777 1198 2845 scri-

201 2886 283 2953 bam
298 2882 393 2973 ipse,
419 2881 557 2973 quoties
572 2894 707 2971 potero.
757 2878 861 2949 Nunc
879 2880 1016 2948 adorno
1032 2871 1197 2975 Resuta-

202 2983 335 3054 tionem
359 2977 599 3051 Decretoram
625 2978 782 3074 Synodi‚
814 2993 854 3050 ut
881 2979 1087 3069 praestigiae
1112 3003 1198 3048 cou-

202 3109 219 3156 s
246 3086 408 3158 iciantur.
459 3081 514 3153 De
529 3081 675 3152 caeteris
689 3083 796 3152 rebus
817 3081 1039 3170 respondebo
1056 3080 1112 3149 vel
1135 3103 1199 3170 per

203 3111 419 3258 dorstadum
438 3186 494 3253 vel
518 3208 580 3275 per
594 3179 777 3253 Ioannem
790 3176 940 3266 Maier,
967 3182 1117 3250 scribam
1134 3205 1198 3250 au-

160 3373 162 3376 ,
201 3291 322 3362 licum.
373 3287 464 3357 Nam
496 3288 640 3379 quando
672 3281 736 3355 has
763 3284 883 3353 literas
911 3298 1116 3373 accepturus
1140 3282 1199 3364 sis,

202 3389 411 3462 nesciebam.
463 3387 561 3458 Bene
575 3388 664 3468 vale.
715 3385 873 3458 Salutem
896 3384 1089 3453 clarissimo
1109 3385 1199 3466 viro,

201 3491 374 3580 sapientia
392 3503 425 3557 et
443 3489 573 3557 virtute
592 3488 803 3578 praestanti,
827 3483 872 3556 D.
889 3477 1073 3566 Pontano,
1098 3499 1132 3551 et
1154 3482 1198 3554 D.

201 3590 271 3661 Do.
289 3581 485 3669 Plicardo,
510 3599 612 3676 opto,
638 3586 696 3652 cui
716 3585 846 3665 dicito,
871 3583 984 3650 lilium
1001 3581 1067 3649 Dei
1090 3584 1200 3649 bene-

204 3692 283 3761 licio
301 3702 395 3759 recte
409 3688 545 3771 valere,
570 3696 604 3755 et
620 3684 763 3757 discere.
814 3680 883 3752 Die
897 3680 1073 3755 Brumae.

950 3781 1149 3876 Philippus.

213 3979 1204 4013 mm

204 4124 271 4195 No.
287 4122 399 4198 soso.
842 4086 852 4129 ¹

212 4217 384 4249 Μ

1038 4125 1086 4186 die
1102 4124 1199 4183 hrum.

1032 4217 1197 4251 mm

532 4313 595 4403 to.
624 4316 880 4401 Matthesio.

275 4490 495 4615 utrm
509 4486 1200 4613 r·a..a;·u·..¹.l·eu·..⁵⁶easu

310 4577 474 4702 laste.
487 4598 581 4682 aaa
603 4592 1042 4698 .c.n.;.121:..a..as2.
1060 4574 1182 4696 tua.

410 4784 465 4863 D.
487 4779 702 4858 Iohanni
725 4776 993 4852 Matthesio

206 4919 249 5010 S·
273 4932 319 5009 D.
370 4933 451 5004 Non
475 4948 526 5003 est
546 4957 680 5002 novum
696 4933 795 5001 abuti
812 4927 975 5002 homines
991 4934 1096 5003 bonis
1112 4935 1199 5022 legi-

205 5042 294 5120 bus,
319 5039 413 5129 quod
438 5049 553 5104 tamen
570 5058 615 5102 ne
630 5034 745 5118 fieret,
765 5031 1039 5123 Magistratuurh
1061 5035 1200 5127 sapien-

207 5136 256 5211 tia
275 5152 310 5208 et
333 5137 515 5206 severitate
540 5130 723 5225 prohiberi
741 5135 901 5205 debebat.
953 5133 1062 5205 Vides
1083 5151 1199 5206 autem

208 5238 449 5310 infelicitatem
474 5231 581 5306 buius
597 5223 776 5328 temporis.
827 5235 900 5306 Nos
922 5237 1200 5327 pronunciamus

215 5387 422 5406 m

239 5455 273 5526 *t
292 5453 379 5553 arisati
395 5472 451 5511 non
464 5453 544 5509 babet
555 5454 644 5508 Dans.
740 5512 746 5523 ,

797 313 1237 427 nersroranuu
1287 310 1465 421 erus.
1518 313 1658 411 rste.

2053 348 2056 353 ⁴
2168 315 2244 407 tlt

1254 486 1297 554 de
1316 485 1566 555 controversiis
1586 484 1893 561 matrimoniorum
1910 488 1988 577 siue
2003 488 2136 573 auxilio
2152 486 2243 580 polis

1253 585 1314 656 tici
1329 584 1569 676 Magistratus,
1592 610 1657 655 nec
1670 610 1856 676 possumus
1871 592 1997 683 punire
2012 605 2244 679 contumacqq.

1253 685 1321 757 Sed
1343 681 1427 756 haec
1442 688 1545 765 mala,
1571 701 1742 780 quantum
1760 687 1836 760 fieri
1850 705 1977 782 potest,
2001 692 2244 767 consiliomo-

1253 788 1435 871 deremur,
1461 789 1558 881 quod
1582 801 1674 856 certe
1699 789 1812 857 facere
1828 794 1964 864 studeo.
2015 790 2134 886 Placet
2153 785 2241 859 mihi

1250 901 1291 958 ut
1310 888 1357 958 sit
1382 888 1453 957 lex:
1479 887 1533 957 Ne
1554 889 1697 957 valeant
1711 882 1999 980 desponsationes
2020 890 2242 961 reclamanti-

1253 991 1318 1059 bus
1333 991 1548 1080 parentibus.
1599 987 1668 1060 Sed
1685 989 1723 1056 in
1738 991 1880 1080 politica
1897 992 2154 1065 consuetudine
2166 984 2245 1081 'ple-

1252 1115 1380 1183 raeque
1402 1091 1493 1181 lcges
1511 1091 1691 1159 interdum
1708 1087 1877 1186 ἐπιεικείᾳ
1898 1095 2134 1162 moderandae
2150 1105 2243 1161 suut.

1251 1188 1345 1264 Ante
1365 1215 1499 1260 anntrm
1519 1196 1563 1261 de
1583 1215 1664 1260 casu
1689 1192 1725 1258 in
1741 1186 1874 1260 Frisin
1900 1193 2156 1291 pronunciari,
2180 1191 2242 1266 ubi

1154 1292 1157 1297 ’
1251 1293 1416 1384 quidam,
1442 1294 1543 1362 cuius
1562 1307 1661 1377 aetas
1682 1305 1819 1362 matura
1843 1308 1877 1362 et
1901 1318 1973 1363 non
1998 1294 2075 1363 sine
2094 1293 2242 1363 consilio

1251 1408 1342 1478 erat,
1368 1395 1554 1484 despondit
1586 1394 1655 1462 sibi
1686 1394 1838 1483 puellam
1864 1396 1901 1464 in
1926 1396 2060 1465 familia
2083 1389 2243 1475 honesta,

1251 1519 1342 1588 quae
1362 1497 1582 1566 existimabat
1604 1495 1778 1582 insignem
1796 1496 2045 1565 contumeliam
2063 1497 2132 1567 sibi
2155 1496 2243 1570 fieri.

1251 1597 1281 1664 si
1305 1597 1393 1664 facta
1418 1610 1506 1667 esset
1529 1595 1721 1666 distractio.
1782 1593 1830 1667 Et
1850 1620 1952 1666 causa
1976 1595 2241 1667 contradicendi

1249 1698 1350 1766 nulla
1374 1692 1522 1768 honesta
1538 1711 1624 1768 erat.
1677 1692 1724 1765 Et
1745 1697 1884 1767 iuvenis
1901 1698 1939 1766 in
1960 1698 2133 1769 sententia
2156 1721 2241 1767 con-

1250 1813 1383 1868 stanter
1397 1801 1571 1871 manehat.
1614 1797 1668 1866 lbi
1684 1811 1807 1867 contra
1822 1812 1984 1889 parentes
1997 1797 2243 1891 pronunciavi,
2318 1797 2320 1803 ’

1250 1899 1454 1992 praesertim
1471 1924 1551 1970 curn
1571 1900 1608 1969 in
1626 1899 1699 1968 illis
1720 1900 1807 1967 locis
1824 1900 2052 1989 Magistratus
2067 1925 2144 1969 eam
2162 1923 2243 1968 sen-

1250 2002 1397 2073 tentiam
1423 2001 1592 2070 libentius
1616 2002 1823 2069 defensurus
1848 2014 1946 2072 esset.
1998 2001 2067 2072 Sed
2091 2002 2153 2071 ubi
2179 2025 2243 2068 vo·

1249 2100 1513 2171 luntas'mutata
1530 2116 1580 2170 est
1597 2102 1635 2169 in
1648 2124 1777 2191 sponso
1795 2114 1855 2171 aut
1872 2102 1909 2169 in
1928 2125 2067 2193 sponsa,
2091 2102 2243 2172 libentes

1250 2205 1454 2292 obtempero
1470 2203 1676 2292 parentibus
1693 2202 1985 2287 reclamantibus,
2010 2204 2085 2272 sive
2104 2222 2240 2274 causam

1249 2305 1398 2372 afferant
1411 2304 1486 2372 sive
1501 2327 1573 2371 non
1591 2303 1750 2372 afferant.
1796 2299 1957 2374 Omnino
1975 2305 2163 2397 prrsdentia
2179 2306 2241 2372 ad-
2260 2343 2264 2349 ·

1249 2401 1403 2474 hibenda
1420 2419 1488 2487 est,
1514 2419 1554 2473 ut
1571 2406 1612 2472 in
1624 2405 1769 2493 longum
1786 2405 2005 2489 consulatur,
2031 2430 2076 2475 ne
2090 2406 2242 2494 iungun-

1250 2520 1308 2575 tur
1323 2507 1422 2590 tales,
1448 2530 1600 2598 quorum
1619 2507 1730 2574 animi
1744 2502 1937 2577 abhorrent
1950 2533 1969 2576 a
1986 2507 2242 2578 cousuetudine

1249 2621 1435 2699 perpetua,
1461 2607 1491 2675 si
1509 2608 1697 2676 mediocris
1714 2630 1816 2677 causa
1839 2620 1908 2687 est,
1935 2632 1998 2677 cur
2014 2603 2161 2678 honeste
2183 2607 2243 2675 liat

1249 2707 1455 2790 disiunctio,
1482 2731 1562 2776 cum
1580 2709 1677 2777 utrlla
1694 2708 1869 2799 sponsalia
1886 2709 2027 2798 publica
2040 2710 2132 2794 ¹facto
2147 2719 2241 2784 sunt.

1250 2833 1315 2878 nec
1346 2807 1489 2877 accessit
1511 2810 1731 2883 concubitus.
1780 2805 1936 2898 Regulus
1958 2810 2045 2880 alias
2070 2809 2241 2900 praescri-

1250 2911 1333 2979 bere
1355 2933 1428 2977 non
1450 2931 1614 2999 possum,
1639 2910 1722 3004 quia
1735 2911 2033 2980 considerandum
2050 2926 2101 2980 est
2118 2908 2242 2993 ludici,

1250 3011 1385 3103 etquid
1401 3023 1536 3080 tectum
1551 3012 1615 3095 sit,
1641 3024 1674 3081 et
1690 3011 1776 3104 quid
1793 3011 1870 3081 sine
1884 3012 2050 3081 scandalo
2065 3011 2142 3081 fieri
2158 3033 2241 3103 pos-

1250 3113 1313 3197 sit3
1350 3136 1420 3203 qua
1455 3110 1494 3180 in
1521 3136 1558 3180 re
1591 3124 1625 3181 et
1657 3113 1940 3193 circumstantiae
1965 3113 2242 3184 considerandae

1250 3226 1343 3284 sont.
1379 3212 1495 3284 Nimis
1509 3213 1591 3281 duri
1607 3227 1690 3284 suut
1707 3228 1868 3303 parentes
1887 3226 1921 3283 et
1935 3215 2071 3296 iniusti,
2094 3215 2137 3299 si,
2162 3236 2241 3283 cerm

1250 3315 1362 3398 filius,
1387 3313 1489 3383 cuius
1505 3328 1599 3385 aetas
1616 3329 1751 3384 matura
1767 3328 1821 3383 est
1842 3317 2029 3407 coniugio,
2053 3314 2243 3407 despondit
2350 3395 2353 3403 Ι

1251 3417 1319 3484 sibi
1339 3415 1495 3509 aliquam
1515 3410 1719 3501 honestam,
1744 3416 1807 3485 ubi
1828 3430 1971 3487 mutuus
1990 3430 2042 3488 est
2065 3440 2186 3504 amor,
2211 3427 2244 3482 et

1252 3530 1304 3584 est
1318 3517 1541 3584 voluntatum
1558 3516 1770 3587 constantia:
1793 3533 1909 3587 tamen
1923 3518 2127 3592 reclamant.
2153 3515 2243 3587 Lae-

1253 3616 1350 3683 ditur
1364 3628 1479 3683 tamen
1497 3639 1577 3705 pars
1593 3616 1701 3685 altera
1720 3618 1757 3683 in
1776 3640 1813 3684 re
1834 3642 1906 3686 non
1924 3619 2004 3687 levi.
2056 3617 2110 3690 Ibi
2127 3616 2242 3706 Magi-

1253 3728 1426 3785 stratuum
1448 3717 1618 3785 autoritas
1641 3742 1743 3808 opem
1768 3719 1859 3786 ferre
1883 3743 2012 3809 sponso
2039 3734 2072 3789 et
2096 3742 2248 3811 sponsae,
2358 3751 2361 3759 ¹

1253 3818 1417 3900 debebat3
1451 3817 1513 3885 sed
1547 3818 1574 3885 si
1612 3818 1758 3907 negligit
1789 3842 1865 3886 eam
1899 3845 1974 3888 rem
2007 3819 2245 3910 Magistratus,

1253 3919 1339 4011 quid
1358 3918 1486 4010 poterit
1502 3919 1639 3988 efficere
1656 3945 1723 3988 vox
1740 3916 1918 3989 Pastoris?
1943 3919 1983 3990 Si
1999 3923 2149 4014 requiris
2164 3921 2243 4011 plu·

1252 4043 1291 4088 ra
1315 4013 1380 4089 hac
1406 4021 1530 4099 dere,
1557 4022 1728 4106 scribam,
1754 4022 1814 4087 sed
1841 4016 2095 4112 comprehendi
2114 4020 2244 4110 regulis

1252 4145 1405 4190 resnou
1432 4121 1515 4190 satis
1545 4135 1668 4213 potest.
1727 4119 1802 4211 Ego
1813 4114 1850 4216 *)
1875 4146 1971 4193 nunc
1995 4125 2242 4194 refutationem

1252 4224 1382 4290 decreti
1410 4222 1546 4313 Synodi
1579 4219 1640 4292 De
1673 4217 1930 4314 iustificatione
1956 4225 2097 4316 publice
2125 4227 2244 4304 trado,

1254 4325 1408 4415 pericula
1434 4323 1510 4394 Deo
1538 4328 1759 4400 commendo.
1812 4323 1910 4396 Beue
1937 4327 2033 4412 vale,
2066 4327 2125 4398 die
2150 4323 2242 4397 Bru-

1251 4448 1340 4494 mae.

1254 4791 1320 4887 Ns.
1340 4749 1453 4861 roso.
1491 4823 1493 4826 -

1260 4893 1469 4925 Μ

1607 4990 1654 5081 C.
1682 4974 1895 5108 Aquilae.

1321 5175 1340 5242 †
1361 5171 1397 5226 Er
1408 5170 1564 5245 apographo
1583 5169 1612 5225 in
1627 5173 1689 5227 ood.
1707 5171 1791 5229 Paris.
1805 5174 1843 5229 D.
1854 5173 1888 5229 1..
1899 5173 1959 5229 w.

1285 5453 1574 5526 ⁴)130etssqmon
1585 5453 1666 5510 hbes
1678 5453 1768 5511 Harl.
1816 5431 1822 5438 ⁴
