4882 6426
89 345 142 421 so
677 345 1116 426 urrsroranuu
1166 347 1276 429 uns.
1307 347 1354 429 rt
1407 349 1540 425 asto.
2076 356 2129 442 so

91 520 215 592 cietate
233 518 469 592 etlaetissima
483 524 740 593 consuetudine
757 545 837 594 cum
853 524 930 616 ipso
948 538 982 595 et
1002 527 1086 595 uni·
1234 522 1454 616 Desponsavi
1486 527 1596 597 filiam
1620 523 1780 624 meam²)
1811 528 1935 600 iuveni
1960 531 2064 602 docto
2088 545 2126 603 et

91 644 194 692 verso
217 635 320 692 coetu
349 643 432 693 suae
462 618 649 694 Ecclesiae.
709 622 816 696 Hunc
837 639 911 699 toto
946 643 1084 720 pectore
1136 626 1292 698 modesto
1316 621 1538 716 †Franco”,
1564 621 1715 725 cumque
1736 635 1781 700 ad
1805 655 1943 702 sacrum
1964 633 2125 725 nuptiale

89 746 237 816 precor,
259 737 301 794 ut
322 733 359 794 et
379 737 415 795 te
428 738 544 797 servet
565 738 599 796 et
616 739 698 797 tuae
712 727 837 797 domui
853 743 889 800 et
903 725 1084 800 Ecclesiae
1134 727 1266 799 amicos
1279 731 1497 815 vocaverim,
1513 746 1547 803 te
1562 756 1704 826 quoque
1718 734 1870 803 maxime
1883 735 2003 804 adesse
2021 748 2123 827 opta-

88 824 317 896 fidelissimus
332 841 449 897 custos
466 839 499 896 et
516 822 713 909 ἐπίσκοπος
724 830 928 920 prospiciat,
956 826 1083 905 Amen.
1134 828 1220 899 rim:
1247 832 1284 901 id
1303 831 1403 901 'enim
1426 829 1516 902 mihi
1538 849 1579 905 ut
1599 837 1686 903 meis
1701 831 1868 929 liberis⁸)
1886 831 2122 906 honorificum

90 920 321 1017 Vitebergae,
345 926 470 1018 quinta
490 925 696 1016 Februarii,
723 928 834 1005 1546.
1135 954 1208 1000 esse
1225 933 1409 1018 ducerem,
1423 937 1683 1031 gauderemque
1700 951 1733 1006 te
1750 939 1788 1006 in
1803 934 2005 1030 ipsorum⁹)
2019 952 2121 1007 coetu

711 1058 845 1154 caspar
856 1059 1033 1153 Cruciger.
1135 1056 1214 1102 cum
1232 1036 1376 1104 caeteris
1389 1049 1447 1105 tua
1463 1052 1542 1107 vota
1560 1034 1637 1118 †ad
1652 1034 1768 1108 Deum
1777 1039 1795 1063 '⁸
1808 1041 2036 1129 coniungere:
2059 1039 2122 1131 qui

1135 1158 1205 1226 quo
1231 1139 1343 1227 magis
1368 1134 1593 1235 intelligis¹⁰)
1616 1140 1708 1210 vitae
1729 1141 1905 1232 pericula,
1929 1166 1970 1211 eo
1991 1142 2122 1211 arden-

200 1238 377 1334 Georgius
389 1238 564 1315 Rotarius
576 1245 663 1315 dicit
677 1247 784 1318 eriam
799 1245 936 1334 Amen,
951 1244 1087 1332 Amen,
1134 1235 1203 1307 tius
1229 1237 1417 1333 peteres¹¹)
1441 1242 1634 1328 gubernari
1659 1266 1755 1312 meos
1788 1244 1972 1313 divinitus.
2028 1239 2120 1311 Cum

552 1342 680 1422 Amen,
1134 1352 1252 1409 alitem
1273 1343 1317 1410 de
1349 1355 1383 1412 te
1405 1345 1565 1414 vocando
1595 1344 1846 1430 deliberarem,
1879 1343 2055 1436 simulque
2076 1344 2121 1411 de

1134 1455 1195 1512 tua
1218 1465 1298 1533 erga
1320 1444 1466 1513 fratrem
1494 1445 1622 1537 pietate
1640 1446 1753 1516 multa
1777 1447 1993 1517 dicerentur:
2046 1469 2120 1514 non

1132 1565 1236 1613 ausus
1253 1567 1329 1614 sum
1347 1545 1410 1615 tali
1424 1560 1486 1616 tuo
1509 1561 1665 1639 tempore
1681 1563 1817 1636 petere,
1843 1561 1882 1618 ut
1905 1550 1949 1617 ad
1961 1553 1963 1556 ’
1975 1569 2040 1615 nos
2061 1570 2118 1615 ac·

1133 1647 1292 1731 cederes,
1317 1648 1523 1739 praesertim
1537 1674 1616 1720 cum
1632 1644 1722 1719 mihi
1743 1643 1892 1720 historia
1907 1650 1951 1718 de
1972 1660 2034 1718 tuo
2055 1671 2119 1738 pa-

87 1805 124 1879 N
210 1806 259 1876 37
1136 1759 1206 1832 tre,
1237 1748 1315 1817 viro
1347 1749 1572 1837 gravissimo,
1612 1765 1961 1823 commemoraretur:
2014 1773 2118 1844 quern

94 1807 311 1946 Q
912 1851 1083 1928 *⁸⁵2
1131 1847 1251 1934 aiunt,
1271 1874 1352 1919 cum
1370 1852 1415 1920 ad
1430 1851 1572 1943 nuptias
1592 1852 1780 1946 aquodam
1796 1853 1907 1923 amico
1925 1863 2121 1934 vocaretur,

518 2001 568 2086 Ν
599 2001 648 2086 Ν
1131 1951 1291 2021 semestri
1305 1965 1442 2037 exacto,
1458 1967 1535 2045 post
1551 1968 1700 2023 mortem
1720 1969 1801 2024 tuae
1811 1950 1852 2048 ¹²)
1865 1955 1988 2026 matris
1996 1954 2121 2048 (quam

565 2063 576 2086 ·
643 2065 654 2086 ·
1130 2077 1210 2123 cum
1228 2053 1309 2122 aliis
1322 2054 1489 2124 omnibus
1503 2055 1662 2126 virtutib.
1685 2051 1868 2137 †honesta
1884 2071 2046 2126 matrona
2062 2055 2121 2123 di-

160 2159 260 2216 Manlii
281 2160 380 2233 lmag.
399 2162 541 2236 ΜΞΝ
569 2193 605 2205 -
638 2163 877 2249 Apogrrpboufin
898 2165 960 2220 cod.
981 2165 1080 2220 Stibsri
1129 2153 1233 2246 gnis”
1250 2155 1473 2243 excelluisse,
1497 2169 1574 2226 lum
1591 2181 1674 2226 vero
1694 2157 1800 2228 etlam
1814 2157 1933 2229 literas
1949 2171 1982 2228 el
2001 2153 2120 2246 philo·

189 2229 1081 2375 exarserantattraxere·‚racana
1129 2252 1292 2348 sonam
1306 2257 1454 2326 conss
1469 2257 1615 2354 senus>
1631 2258 1734 2329 ns
1981 2259 2120 2343 nse

193 2384 254 2422 eam
266 2366 373 2423 aridam
387 2369 486 2427 amico.
1129 2359 1253 2428 mirari
1274 2381 1311 2427 se
1334 2359 1438 2429 amici
1460 2360 1646 2446 duritiem,
1670 2361 1733 2454 qui
1746 2362 1898 2450 lugentis
1913 2361 2019 2431 talem
2034 2383 2121 2429 con·
2222 2429 2225 2442 ,

432 2523 523 2598 Am,
614 2544 615 2548 Ἰ
640 2525 675 2598 ‚d
1129 2461 1265 2550 iugem,
1289 2461 1463 2540 rationem
1478 2472 1618 2552 putaret
1636 2485 1709 2530 non
1726 2458 1945 2542 habendam,
1972 2461 2123 2553 perinde

505 2551 560 2601 ¹⁶⁰
587 2552 645 2599 ω’
673 2555 747 2606 am·
1129 2587 1169 2634 ac
1184 2563 1215 2631 si
1230 2562 1287 2632 cui
1302 2558 1454 2641 †forte”
1472 2586 1556 2654 pera
1573 2564 1617 2632 de
1632 2564 1773 2652 cingulo
1791 2564 1987 2636 decidisset.
2027 2560 2121 2633 Cum

88 2649 133 2732 ln
151 2654 217 2728 hac
233 2660 441 2730 confusione
456 2658 707 2754 Reipublicae,
734 2664 842 2760 etsi¹)
864 2665 976 2737 multa
998 2675 1079 2733 sunt
1128 2666 1238 2754 igitur
1249 2664 1317 2733 tibi
1332 2687 1406 2733 non
1419 2664 1594 2735 minorem
1609 2660 1776 2757 pietatem
1797 2665 1996 2755 tribuamus
2013 2687 2120 2756 quam

86 2763 299 2856 quaenohis
316 2760 740 2837 intuentibushominum
757 2768 886 2854 vitam,
910 2789 1078 2853 magnum
1128 2767 1239 2860 patri,
1274 2778 1308 2834 et
1332 2760 1461 2835 homrn
1485 2780 1686 2858 temporum
1713 2768 1891 2837 moesticia
1919 2765 2119 2835 communis

87 2864 250 2934 dolorem
276 2865 458 2934 adferunt:
492 2879 611 2936 tamen
636 2892 715 2937 cum
738 2868 910 2956 viderim,
941 2870 1079 2961 aliquas
1127 2862 1284 2962 tuum¹³)
1310 2867 1471 2937 dolorem
1494 2881 1635 2956 augeat,
1669 2869 1805 2959 pudore
1828 2868 2022 2959 impedior,
2045 2890 2118 2959 quo

88 2961 463 3055 interea²)Ecclesiae
473 2968 641 3060 reliquias
663 2991 755 3056 esse,
781 2994 871 3064 quae
888 2995 968 3041 cum
983 2970 1077 3040 divi·
1126 2971 1246 3041 minus
1261 2982 1296 3039 te
1313 2992 1498 3041 accersam.
1541 2967 1665 3040 Facies
1680 2981 1817 3056 tamen,
1842 2969 1939 3063 quod
1952 2968 2021 3040 tibi
2037 2967 2117 3036 viro

89 3068 186 3137 nitus
205 3081 403 3153 serventur,
419 3072 612 3139 ostendunt
628 3071 733 3139 etiam
748 3095 814 3141 nos
833 3097 907 3143 non
922 3072 1077 3143 abiectos
1126 3071 1277 3164 sapienti
1291 3065 1766 3153 †etofficiorum'momenta
1780 3071 1918 3143 ratione
1936 3068 2119 3165 pensanti'
2182 3111 2189 3120 ·

85 3193 108 3239 a
123 3167 201 3239 Deo
217 3192 306 3239 esse:
333 3183 366 3241 et
382 3169 512 3260 passim
534 3193 608 3241 esse
629 3169 810 3267 aliquos³)
833 3175 929 3245 viros
955 3177 1077 3244 doctos
1124 3175 1316 3244 videbitur.

84 3285 123 3341 et
137 3266 322 3357 honestos,
349 3270 411 3365 qui
425 3272 576 3343 fideliter
589 3297 783 3367 propagare
796 3275 916 3346 literas
932 3289 967 3346 et
981 3276 1076 3366 opti-

83 3397 163 3443 mas
175 3387 266 3444 artes
282 3375 440 3444 student:
465 3369 635 3444 nonnihil
650 3376 850 3470 acquiesco,
876 3377 977 3471 quasi
993 3402 1077 3469 por·
1131 3390 1134 3396 '
1226 3369 1328 3442 Hanc
1342 3383 1458 3442 autem
1474 3372 1659 3464 epistolam
1674 3373 1718 3441 ad
1735 3385 1770 3442 te
1787 3371 1886 3457 misi,
1910 3395 1985 3441 non
2001 3373 2119 3443 solum

83 3489 164 3549 tum
193 3475 348 3569 aliquem
371 3476 601 3567 prospiciens.
660 3477 740 3567 Qua
759 3479 970 3567 cogitatione
995 3504 1075 3548 cum
1124 3485 1165 3543 ut
1186 3473 1471 3544 benevolentiam
1486 3498 1566 3564 erga
1589 3487 1624 3544 te
1643 3498 1777 3560 meam,
1803 3498 1893 3567 quae
1908 3475 1975 3544 erit
1989 3498 2118 3566 perpe-

83 3591 191 3649 tuum
212 3576 417 3667 ingenium,
449 3579 706 3666 cruditionem,
735 3602 871 3662 mores,
903 3581 1008 3650 fidem
1036 3580 1077 3649 in
1125 3588 1203 3659 tua,
1235 3587 1382 3644 testarer
1398 3570 1462 3668 ¹⁴):
1503 3575 1691 3644 sedetiam
1712 3591 1755 3646 ut
1774 3598 2018 3665 cognosceres,
2051 3599 2117 3646 nos

82 3680 268 3760 docendo,
290 3677 497 3770 gravitatem
520 3679 560 3748 in
584 3681 683 3751 omni
707 3681 824 3752 officio
845 3680 1077 3772 contemplor,
1124 3677 1240 3746 luctus
1260 3676 1315 3745 tui
1337 3677 1512 3746 rationem
1533 3671 1714 3746 habuisse:
1753 3689 1788 3745 et
1810 3690 1928 3747 tamen
1950 3689 2117 3768 peterem,

82 3803 250 3872 magnam
274 3781 491 3872 voluptatem
521 3782 640 3874 capio,
677 3777 901 3854 harmoniam
932 3783 1076 3854 illarum
1124 3791 1165 3848 ut
1195 3778 1315 3847 animo
1337 3779 1522 3850 nobiscum
1548 3777 1663 3862 adsis,
1696 3791 1731 3849 et
1751 3792 1833 3849 vota
1855 3803 1921 3871 pro
1944 3779 2049 3848 nobis
2069 3781 2116 3849 ad

80 3877 405 3978 pulcherrimarum
421 3882 595 3954 virtutum
608 3884 847 3959 considerans.
890 3883 981 3956 Nam
996 3910 1075 3956 cum
1124 3876 1241 3950 Deum
1265 3879 1389 3965 facias,
1414 3892 1454 3949 ut
1475 3893 1510 3950 et
1523 3876 1719 3951 Ecclesiam
1741 3893 1775 3950 et
1790 3880 1868 3949 eius
1882 3880 2063 3955 domicilia
2080 3895 2116 3950 et
2184 3960 2189 3969 ,
2288 3964 2294 3973 ¹

82 3985 288 4056 eruditione
318 3984 486 4070 excellas,
526 4008 602 4056 non
629 3986 749 4057 minus
787 3986 967 4070 †tamen''
996 3987 1078 4057 lite-
1125 3983 1241 4052 studia
1262 3995 1377 4051 servet
1397 4006 1436 4051 ac
1459 3997 1575 4071 regat,
1600 3995 1635 4077 et
1653 3983 1724 4052 tuis
1743 3981 1903 4074 meisque
1917 3982 2040 4051 liberis
2055 3982 2125 4053 det

81 4088 136 4158 ris
162 4099 371 4157 ornamento
393 4099 477 4156 sunt
499 4100 654 4158 caeterae
673 4101 755 4160 tuae
778 4089 944 4173 virtutes,
969 4114 1076 4182 quam
1125 4083 1217 4154 vitae
1241 4083 1456 4152 curriculum
1487 4083 1660 4168 salutare,
1694 4096 1735 4154 ut
1759 4082 1829 4153 ⁸5¹1!
1845 4077 1957 4176 σκευὴ
1979 4079 2115 4163 &Movet

82 4183 193 4284 tibi⁴)
210 4188 334 4258 literae
347 4187 454 4278 ipsae.
481 4186 593 4279 Saepe
609 4190 713 4260 etiam
722 4184 813 4259 mihi
823 4191 982 4281 gratulor
997 4214 1076 4260 cum
1124 4186 1221 4279 quod
1238 4184 1394 4275 prolecto
1409 4183 1480 4256 tuis
1494 4185 1616 4254 liberis
1628 4196 1706 4256 toto*
1721 4199 1863 4276 pertore
1878 4197 1975 4277 opto.
2007 4179 2061 4254 Ac
2075 4198 2116 4255 ut

78 4302 187 4362 tanto
200 4291 279 4360 viro
293 4289 484 4359 amicitiam
499 4312 591 4376 esse,
615 4314 656 4360 ex
672 4286 904 4389 quo⁸)hoc⁸)
919 4305 1076 4384 ternpore
1123 4286 1214 4357 bene
1241 4308 1398 4378 sperem,
1426 4310 1576 4356 moveor
1604 4286 1666 4355 illa
1695 4286 1901 4377 gravissima
1930 4285 2116 4371 sententia,

79 4413 252 4482 magnum
264 4392 420 4461 fructum
435 4391 612 4483 percipere
628 4415 786 4485 possem,
812 4393 883 4463 nisi
902 4407 936 4463 tc
958 4394 1076 4464 luctns
1122 4411 1211 4482 quae
1227 4387 1363 4459 etiamsi
1382 4389 1420 4456 in
1436 4386 1604 4459 Poe‘mate
1617 4383 1804 4482 prophano
1819 4387 1948 4482 scripta
1963 4400 2033 4474 est,
2060 4401 2116 4460 ta-

79 4506 229 4586 propter
242 4492 362 4563 fratris
376 4491 461 4584 (viri
476 4496 686 4584 praestantis
702 4494 873 4587 sapientia
884 4507 920 4566 et
928 4490 1076 4591 virtute)
1475 4490 1480 4495 ’

80 4595 270 4667 interitum
290 4595 389 4665 domi
405 4594 583 4671 retineret.
1126 4583 1336 4612 ““””“““““

1154 4717 1182 4787 7)
1201 4713 1270 4771 cod.
1282 4713 1403 4788 Guclpb.
1417 4713 1506 4770 addit:
1524 4715 1647 4770 mam.

113 4899 144 4967 ¹>
162 4896 232 4954 ω’
250 4895 369 4970 ῦ“”ΙΡῙ“’
399 4896 462 4951 Μ
475 4898 507 4951 ⁹¹
526 4899 580 4952 '¹⁰⁶
600 4915 709 4967 'Mem
726 4899 889 4971 consuetam
905 4896 1076 4992 reffllt'soe
1156 4815 1445 4986 3³53&ng

153 4969 245 5021 mua
257 4975 310 5023 ‘u'
1157 5019 1203 5087 10)
1221 5014 1298 5071 Maul
1327 5032 1367 5068 cx
1386 5017 1469 5068 endo.

114 5064 234 5136 need.
248 5063 368 5141 Guelpb
380 5068 479 5140 video,
496 5068 613 5123 laeserim
623 5069 744 5138 als‘puas.
1158 5120 1190 5174 ss
1221 5116 1252 5170 Μ
1302 5056 1310 5073 ’
1364 5032 1384 5080 Ρ

162 5164 241 5222 Msul
341 5168 382 5221 im
394 5167 479 5223 alrbr-
1190 5120 1203 5188 i
1255 5117 1309 5170 ’ω’
1325 5123 1466 5183 mmm

114 5165 149 5236 ⁸)
242 5184 341 5235 'pm
400 5273 432 5288 ..
1158 5218 1204 5288 12)
1220 5215 1309 5276 Mani.
1329 5226 1396 5271 tuae
1413 5225 1504 5288 recte,
1522 5215 1584 5272 cod.
1602 5214 1722 5291 Guelpb.
1741 5232 1821 5277 suar.

111 5273 146 5338 ⁴)
165 5269 237 5328 ω’
248 5268 367 5342 Guelph'
379 5274 439 5326 ”bb
1157 5322 1205 5394 18)
1225 5319 1297 5377 eod.
1307 5318 1426 5392 Guelpb.
1444 5329 1568 5376 emtum.

110 5371 147 5538 d}
164 5367 238 5526 gd
249 5366 469 5540 &iiidie
487 5483 560 5524 meo.
1157 5421 1205 5492 ¹⁴)
1223 5417 1427 5491 cosumus.
1445 5410 1633 5486 securem.
