4882 6436
120 329 192 404 161
527 305 530 315 '
604 394 614 404 .
713 317 1152 400 rersrosaaun
1201 319 1308 399 rm.
1341 321 1388 402 x.
1443 321 1576 399 asta
2104 331 2177 403 rsa

122 501 300 595 Baptista,
324 499 534 571 monstravit
549 491 679 592 agnum
692 495 779 585 Dei,
804 498 868 592 qui
883 497 966 568 tulit
980 507 1118 587 peccata
1175 518 1239 565 nes
1254 498 1297 566 de
1314 495 1570 586 indulgentiis,
1596 522 1686 592 quae
1716 500 1753 568 in
1771 499 1886 590 primo
1905 498 2021 571 Tomo
2041 525 2173 573 monu-
2217 526 2224 537 ·

120 619 263 688 nostra,
286 604 441 672 ostendit
468 604 575 692 gratis
600 616 746 695 propter
768 601 880 671 filium
897 596 965 668 Dei
986 597 1121 667 remitti
1175 613 1376 669 mentorum
1397 599 1509 690 ipsius
1533 612 1671 692 extant,
1697 599 1745 671 Et
1765 595 1830 673 has
1853 604 1993 694 publice
2008 601 2173 698 Templo,

121 721 285 800 peccata,
319 718 354 774 ct
383 705 530 796 quidem
554 719 717 796 oportere
740 703 777 773 id
809 701 1020 773 beneficium
1051 699 1120 768 lide
1175 702 1270 793 quod
1289 698 1641 793 arciVVitebergensi
1659 703 1864 794 contiguum
1882 717 1953 789 est,
1967 704 2078 776 affixit
2094 705 2173 798 pri·

120 809 247 899 accipi.
290 803 487 877 illustravit
504 819 538 876 et
553 820 705 877 caeteras
721 820 837 898 partes
854 804 1036 875 doctrinae
1049 796 1121 870 Ec·
1173 803 1232 872 die
1261 803 1341 873 festi
1369 805 1531 875 omnium
1560 804 1773 876 Sanctorum
1801 829 1897 875 anno
1931 805 2042 880 1517.
2098 806 2170 878 Hic

120 909 347 981 clesiasticae.
405 905 503 977 Haec
526 909 558 977 ei
583 909 725 978 exordia
756 932 876 979 rerum
905 905 1119 996 optimarum
1174 903 1339 974 Tecelius
1354 900 1448 975 nihil
1466 907 1522 975 sui
1538 906 1741 991 dissimilis,
1755 932 1795 976 ac
1811 930 1955 999 sperans
1971 906 2075 978 etiam
2090 932 2171 999 gra·

120 1035 287 1102 maguam
311 1010 535 1080 autoritatem
561 1011 889 1089 circumdederunt,
914 1004 1119 1100 praesertim
1173 1005 1257 1078 tiam
1283 1030 1320 1075 se
1336 1011 1430 1099 apud
1445 1006 1649 1080 Romanum
1665 1006 1871 1080 Pontificem
1897 1010 2071 1079 initurum
2086 1033 2171 1096 esse,

122 1138 205 1185 cum
221 1136 336 1183 mores
354 1127 589 1202 congruerent
603 1137 683 1183 cum
697 1112 859 1182 oratione
872 1105 1121 1192 docentis,vi-
1174 1132 1277 1178 suum
1309 1123 1471 1179 senatum
1505 1123 1692 1196 convocat,
1735 1106 1934 1181 Monachos
1967 1110 2104 1203 aliquot
2135 1125 2170 1182 ct

122 1219 337 1305 dereturque
361 1215 473 1285 oratio
496 1239 571 1283 non
593 1215 632 1282 in
646 1215 756 1285 labris
772 1213 887 1298 irasci,
913 1212 972 1281 sed
998 1211 1037 1278 in
1058 1231 1121 1300 pe·
1175 1205 1376 1301 Theologos
1400 1206 1590 1304 sophistica
1617 1236 1679 1283 sua
1702 1227 1883 1308 utcunque
1892 1210 1936 1307 ¹³)
1957 1212 2083 1282 leviter
2095 1215 2169 1283 tin-

122 1335 234 1391 ctore.
285 1315 382 1385 Haec
404 1317 496 1386 vitae
517 1317 709 1387 admiratio
735 1339 878 1407 magnas
894 1314 1002 1383 eflicit
1015 1310 1122 1380 incli·
1174 1325 1266 1398 ctos,
1285 1308 1349 1383 hos
1363 1338 1575 1405 componere
1589 1314 1724 1409 aliquid
1740 1316 1837 1386 iubet
1850 1318 2019 1386 adversus
2031 1310 2170 1386 Luthe-

124 1421 287 1489 nationes
310 1419 347 1486 in
370 1419 499 1487 animis
520 1419 743 1500 auditorum,
785 1432 827 1488 ut
851 1414 993 1485 Veteres
1016 1414 1121 1484 etiam
1174 1438 1266 1487 nrm.
1325 1413 1403 1508 Ipse
1434 1415 1568 1487 interea
1592 1441 1638 1486 ne
1663 1429 1751 1486 esset
1780 1413 1923 1512 κωφῶν
1956 1409 2170 1509 πρόσωπον,

123 1523 309 1600 dixerunt,
343 1515 496 1610 σχεδὸν,
538 1515 588 1600 ὡς
618 1521 750 1605 εἰπεῖν,
785 1509 1021 1612 κυριωτάτην
1050 1512 1121 1606 ἔχει
1173 1542 1248 1585 non
1263 1517 1333 1585 iarn
1350 1518 1557 1604 conciones,
1583 1521 1642 1589 sed
1657 1518 1809 1589 fulmina
1828 1522 1866 1588 in
1880 1508 2081 1590 Lutherum
2094 1532 2170 1589 tor-

124 1619 250 1695 πίστιν
267 1617 310 1692 τὸ
324 1613 431 1714 ἦθος.
482 1619 603 1709 Quare
622 1635 742 1714 postea
765 1645 844 1691 cum
867 1620 1039 1712 quosdam
1064 1639 1121 1684 re·
1174 1632 1277 1712 quet,
1309 1619 1525 1690 vociferatur
1551 1621 1685 1714 ubique
1719 1615 1815 1692 hunc
1849 1615 2064 1690 haereticum
2094 1621 2170 1711 igni

125 1739 246 1817 ceptus
267 1723 357 1793 ritus
375 1737 546 1808 mutaret,
573 1719 715 1794 honesti
738 1723 828 1803 vici,
861 1722 924 1815 qui
948 1744 1030 1790 eum
1054 1742 1121 1786 no-
1175 1721 1395 1810 perdendum
1418 1728 1508 1805 esse,
1541 1720 1801 1814 propositiones
1832 1724 1937 1793 etiam
1957 1716 2109 1791 Luthcri
2136 1735 2171 1792 et

36 1841 39 1845 ’
125 1841 225 1912 rant,
260 1826 380 1895 minus
407 1820 637 1895 vehementer
669 1825 845 1895 adversati
879 1835 981 1903 sunt,
1019 1820 1122 1913 eique
1175 1822 1381 1901 concionem
1420 1825 1464 1892 de
1496 1821 1733 1914 indulgentiis
1767 1825 1908 1913 publice
1946 1824 2092 1893 coniicit
2130 1824 2170 1892 in

124 1942 273 2022 propter
294 1926 537 2010 autoritatem,
563 1951 669 2020 quam
693 1940 727 1997 et
742 1950 862 1996 rerum
878 1919 1054 1994 bonarum
1077 1923 1121 1989 il·
1175 1924 1344 1992 flammas.
1383 1922 1433 1992 Hi
1448 1926 1585 1995 furores
1607 1927 1738 2015 Tecelii
1757 1940 1790 1997 et
1806 1925 1881 1996 eius
1897 1926 2087 1997 satellitum
2102 1925 2171 1994 im-

127 2030 337 2101 lnstratione
370 2040 404 2097 et
434 2030 615 2099 sanctitate
635 2053 775 2099 morum
800 2041 902 2097 antea
926 2035 1124 2118 pepererat,
1177 2038 1317 2116 ponunt
1330 2027 1573 2098 necessitatem
1590 2024 1751 2098 Luthero
1767 2030 1811 2097 de
1832 2030 1938 2098 rebus
1962 2028 2087 2096 iisdem
2111 2052 2172 2097 co-

127 2134 168 2202 in
191 2133 235 2200 iis
255 2131 440 2201 sententiis
461 2133 711 2216 adsenserunt,
735 2130 866 2224 quibus
889 2151 1016 2218 magno
1043 2149 1124 2195 cum
1178 2128 1310 2218 piosius
1327 2128 1542 2212 disserendi,
1569 2142 1603 2198 et
1620 2133 1772 2200 tuendae
1787 2131 1955 2204 veritatis.

129 2236 253 2305 dolore
267 2234 436 2303 videbant
450 2232 573 2301 orbem
590 2248 763 2305 terrarum
777 2225 938 2302 distrahi.
1276 2226 1374 2298 Haec
1399 2229 1503 2299 initia
1526 2232 1672 2302 fuerunt
1698 2227 1804 2302 huius
1827 2231 2106 2321 controversiae,
2132 2230 2171 2299 in

132 2394 140 2412 ,
231 2330 596 2405 NecLutherustunc
618 2335 658 2403 in
678 2335 808 2404 ritibus
829 2332 1023 2425 quidquam
1043 2353 1126 2398 mu·
1179 2353 1247 2422 qua
1264 2325 1442 2400 Lutherus
1459 2327 1552 2400 nihil
1569 2329 1685 2404 adhuc
1707 2333 1888 2425 suspicans
1908 2347 1970 2404 aut
1992 2335 2173 2402 somnians

130 2439 245 2522 tabat,
278 2438 351 2505 imo
381 2436 525 2506 tetricus
555 2436 763 2528 disciplinae
784 2447 900 2526 custos
923 2436 1017 2502 inter
1043 2452 1125 2501 suos
1179 2434 1222 2500 de
1244 2434 1363 2503 futura
1384 2435 1581 2505 mutatione
1599 2435 1753 2521 rituum,
1776 2458 1823 2504 ne
1840 2437 1986 2529 quidem
2000 2436 2092 2525 ipsas
2116 2436 2175 2503 in-

66 2534 72 2549 ”
132 2553 225 2619 erat,
250 2563 315 2608 nec
336 2537 525 2608 miscuerat
549 2539 685 2632 aliquid
708 2538 919 2629 opinionum
944 2531 1127 2604 horridio-
1180 2534 1378 2624 dulgentias
1393 2559 1535 2625 prorsus
1552 2537 1759 2621 abiiciebat,
1781 2539 1842 2607 sed
1855 2551 1994 2607 tantum
2012 2538 2176 2606 moderas

131 2667 225 2713 rum.
277 2639 347 2710 Sed
373 2640 472 2708 illam
498 2664 723 2709 communem
749 2654 784 2708 et
807 2659 953 2731 prorsus
968 2657 1128 2705 necessa·
1180 2634 1313 2704 tionem
1337 2637 1528 2726 flagitabat.
1589 2637 1709 2727 Quare
1734 2640 1823 2709 salso
1849 2664 1931 2710 enm
1954 2639 2178 2708 calumnian-

132 2744 223 2814 riam
242 2741 440 2810 doctrinam
465 2743 633 2811 omnibus
654 2741 955 2832 magismagisque
971 2738 1129 2807 illustra·
1181 2748 1259 2821 tur,
1285 2738 1347 2831 qui
1371 2762 1391 2807 a
1413 2739 1594 2828 plausibili
1615 2764 1718 2811 causa
1734 2763 1896 2812 exorsum
1906 2738 1953 2835 ¹⁴)
1969 2740 2111 2824 dicunt,
2137 2752 2178 2812 ut
2256 2755 2261 2770 ¹

132 2846 213 2928 bat,
245 2846 290 2913 de
319 2842 555 2934 poenitentia,
584 2846 628 2911 de
659 2843 866 2912 remissione
893 2852 1129 2932 peccatorum,
1182 2853 1302 2930 postea
1317 2854 1468 2911 mutaret
1485 2839 1778 2933 Rempublicam,
1802 2857 1836 2913 et
1856 2844 1912 2912 vel
1936 2843 2006 2912 sib'i
2021 2843 2078 2911 vel
2099 2842 2180 2911 aliis

134 2950 179 3017 de
195 2946 284 3029 fide,
310 2947 353 3015 de
369 2945 463 3013 veris
476 2934 778 3015 consolationibus
794 2945 833 3012 in
850 2967 963 3015 cruce.
1009 2938 1128 3019 Huius
1184 2943 1377 3030 potentiam
1396 2957 1590 3035 quaereret.
1633 2941 1686 3014 hc
1701 2958 1841 3014 tantum
1857 2945 1974 3024 abest,
2001 2957 2042 3014 ut
2056 2944 2101 3012 ab
2116 2968 2180 3013 au-

135 3047 317 3119 doctrinae
340 3041 585 3140 dulcedine¹²)
611 3047 664 3137 pii
686 3068 809 3116 omnes
823 3046 926 3115 valde
943 3042 1131 3133 capieban-
1185 3043 1261 3113 licis
1288 3045 1506 3115 subornatus
1533 3059 1595 3116 aut
1619 3047 1785 3117 incitatus
1818 3047 1881 3130 sit,
1919 3046 2011 3118 sicut
2040 3045 2183 3135 scripsit

128 3165 214 3234 tur,
242 3135 297 3218 Et⁸
310 3149 460 3218 eruditis
485 3162 622 3236 gratum
650 3161 743 3231 erat,
778 3149 878 3241 quasi
904 3170 945 3215 ex
966 3144 1132 3226 tenebris,
1186 3142 1570 3231 Dux-Brunsvicensis,
1594 3161 1635 3219 ut
1649 3149 1806 3218 doluerit
1821 3148 1925 3219 etiam
1943 3146 2024 3217 Dux
2044 3141 2182 3217 Frida-

139 3274 292 3336 carcere,
306 3251 467 3343 squalore
484 3251 585 3320 educi
602 3245 796 3334 Christum,
812 3244 1017 3338 Prophetas,
1032 3243 1132 3337 Apo·
1187 3245 1282 3315 ricus
1296 3248 1432 3316 moveri
1446 3251 1654 3335 certamina,
1680 3250 1785 3341 longe
1806 3250 2042 3342 prospiciens,
2069 3273 2183 3343 quan-

138 3354 264 3438 stolos,
281 3352 437 3441 conspici
455 3353 644 3421 discrimen
658 3351 763 3440 Legis
781 3365 812 3420 et
830 3349 1034 3439 Evangelii,
1048 3372 1132 3440 pro·
1186 3373 1293 3441 quam
1312 3351 1497 3418 exordium
1514 3366 1603 3422 esset
1617 3353 1660 3421 de
1678 3376 1715 3420 re
1733 3352 1938 3444 plausibili,
1963 3364 2081 3422 tamen
2091 3376 2182 3443 pau-

136 3455 348 3524 missionum
364 3453 468 3543 Legis
482 3469 515 3524 et
535 3451 1032 3543 promissionisEvangelicae,
1046 3445 1134 3518 Phi·
1186 3452 1285 3521 latim
1309 3452 1414 3521 latius
1436 3466 1639 3543 vagaturam
1658 3477 1730 3523 esse
1747 3449 1839 3524 hanc
1854 3454 2053 3538 flammam,
2079 3467 2117 3522 ut
2141 3454 2185 3521 de
2295 3453 2297 3456 ’

137 3551 322 3645 losophiae
341 3567 375 3622 et
392 3551 594 3643 Evangelii,
620 3556 716 3647 quod
733 3568 825 3625 certe
842 3579 917 3624 non
932 3554 1070 3622 extabat
1094 3551 1134 3619 in
1189 3554 1250 3623 lite
1271 3555 1364 3643 apud
1387 3550 1584 3623 Homerum
1609 3556 1755 3624 dicitur:
1808 3579 1917 3647 parva
1949 3568 2046 3625 metu
2068 3555 2184 3647 primo

139 3653 302 3739 Thoma,
327 3653 433 3723 Scoto
450 3668 483 3724 et
499 3655 694 3741 similibus,
720 3657 874 3727 iustitiae
888 3654 1083 3748 spiritualis
1102 3664 1137 3722 et
1188 3680 1270 3725 mox
1288 3679 1361 3723 sese
1378 3656 1507 3726 attollit
1525 3655 1561 3723 in
1578 3681 1691 3726 auras.
1733 3654 1896 3750 Cumque
1913 3679 2007 3726 nnus
2024 3657 2186 3727 omniurn

139 3781 259 3827 rerum
277 3755 513 3848 politicarum.
566 3755 765 3829 Accedebat
780 3754 870 3844 huc,
898 3757 994 3851 quod
1007 3752 1137 3831 ,Eras-
1190 3771 1331 3827 nostrae
1347 3758 1467 3826 aetatis
1482 3758 1685 3849 principum
1695 3752 1741 3828 F
1736 3753 1913 3827 ridericos
1933 3772 1966 3828 et
1981 3758 2187 3852 tranquilli-

140 3857 195 3928 mr'
209 3858 348 3951 scriptis
363 3871 432 3927 tam
452 3858 599 3929 invitata
616 3876 715 3932 erant
739 3861 934 3932 iuventutis
957 3859 1073 3930 studia
1092 3857 1136 3927 ad
1191 3862 1274 3931 tatis
1289 3860 1453 3952 publicae'
1469 3859 1859 3946 amantissimussuerit,
1876 3875 1910 3931 et
1926 3860 2187 3931 miuimerrleo-

139 3962 272 4032 latinae
304 3973 339 4029 et
371 3961 687 4052 graecae‘linguae
723 3965 981 4053 cognitionem,
1019 3959 1139 4049 Quare
1191 3959 1373 4047 νεκτικὸς,
1394 3963 1613 4055 maximeque
1629 3963 1754 4033 solitus
1771 3964 1816 4033 sit
1830 3963 1962 4031 relerre
1978 3961 2126 4032 consilia
2142 3962 2188 4030 ad

142 4058 340 4134 monstrato
374 4063 462 4130 iam‘
474 4064 633 4134 dulciore
654 4088 781 4155 genere
805 4065 1003 4146 doctrinae,
1033 4061 1141 4132 multi
1194 4087 1417 4136 communem
1442 4064 1591 4134 salutem
1609 4063 1706 4134 orbis
1730 4078 1915 4150 terrarum,
1938 4078 1979 4135 ut
2001 4087 2042 4133 ex
2065 4063 2189 4134 multis

142 4167 250 4238 bonis
271 4178 304 4234 et
328 4163 449 4233 liberis
473 4167 626 4256 ingeniis
648 4168 801 4258 praediti
818 4164 1009 4236 abhorrere
1024 4189 1043 4234 a
1057 4166 1140 4234 bar·
1193 4170 1298 4237 rebus
1323 4166 1475 4255 intelligi
1496 4179 1628 4258 potest,
1650 4190 1715 4237 nec
1738 4166 1907 4237 incitator
1919 4161 2098 4251 Luthero,
2123 4187 2189 4237 nec

142 4267 262 4340 barica
278 4280 313 4335 et
327 4261 518 4356 sophistica
539 4269 700 4337 doctrina
717 4266 977 4341 Monachorum
993 4266 1143 4358 incipie-
1195 4271 1385 4361 adplausor
1401 4268 1479 4352 fuit,
1496 4269 1839 4362 suumquedolorem
1854 4291 1957 4359 saepe
1969 4266 2190 4355 significavit,

75 4414 83 4425 =
143 4372 242 4442 bant.
300 4366 379 4457 tpse
409 4365 513 4434 etiam
544 4364 725 4437 Lutherus
756 4393 896 4459 graecae
919 4382 954 4440 et
984 4369 1142 4438 ebraicae
1195 4373 1447 4464 quemassidue
1462 4371 1679 4441 circumtulit
1694 4385 1855 4441 metuens
1871 4370 2064 4439 discordias
2079 4368 2193 4438 maio-

145 4464 288 4561 lingu'ae
303 4468 429 4539 studiis
444 4491 481 4536 se
498 4470 627 4538 dedere
643 4471 776 4561 coepit,
797 4484 838 4540 ut
854 4472 991 4561 cognita
1010 4494 1144 4537 sermo-
1196 4497 1262 4545 res.
1289 4472 1359 4543 Sed
1370 4473 1425 4541 vir
1433 4471 1573 4562 sapiens
1587 4486 1620 4542 et
1631 4496 1704 4541 non
1713 4486 1850 4543 tantum
1860 4466 2046 4563 prophana
2060 4469 2193 4541 indicia

146 4574 203 4642 nis
230 4572 442 4664 proprietate
475 4584 509 4640 et
533 4566 674 4662 phrasi,
710 4585 743 4642 et
771 4568 897 4643 hausta
919 4597 960 4641 ex
985 4572 1145 4641 sontibus
1198 4598 1367 4668 sequens,
1392 4597 1481 4667 quae
1506 4587 1625 4644 tenera
1646 4572 1748 4643 initia
1770 4573 1931 4643 omnium
1953 4572 2193 4644 mutationum

148 4675 330 4757 doctrina,
356 4673 534 4743 dexterius
551 4674 708 4744 iudicare
722 4689 848 4766 posset.
957 4690 959 4699 '
1199 4677 1380 4747 celerrime
1402 4675 1556 4766 opprimi
1579 4677 1721 4760 iubent,
1747 4677 1807 4745 sed
1832 4675 1937 4746 etiam
1958 4698 2121 4745 normam
2136 4672 2203 4745 di-'
2298 4686 2301 4691 “

250 4773 293 4845 ln
325 4771 393 4843 hoe
421 4797 526 4845 cursu
550 4801 631 4846 cum
656 4790 745 4847 esset
764 4773 960 4864 Lutherus,
996 4777 1147 4846 circnm—
1200 4781 1320 4848 vinam
1342 4780 1380 4848 in
1402 4778 1590 4867 consilium
1615 4773 1807 4863 adhibens,
1844 4802 1933 4870 quae
1956 4778 2055 4849 iubet
2076 4775 2193 4847 audiri

147 4882 315 4949 feruntur
337 4877 479 4946 venales
501 4876 743 4967 indulgentiae
766 4880 804 4947 in
828 4876 885 4950 his
901 4879 1106 4970 regionibus
1128 4903 1149 4947 a
1200 4880 1453 4970 Evangelium,
1487 4894 1521 4950 et
1549 4893 1644 4950 vetat
1674 4878 1812 4968 agnitae
1834 4879 1975 4950 veritati
2002 4876 2194 4961 adversari,

149 4975 296 5050 Tecelio
325 4977 563 5050 Dominicano
590 4981 899 5073 impudentissimo
924 4977 1149 5075 sycophanta,
1201 5009 1241 5052 ac
1272 4978 1528 5074 blasphemiam
1558 4996 1660 5052 vocat
1694 4976 1917 5051 horribiliter
1945 4981 2148 5049 damnatam
2175 5000 2195 5046 a

151 5082 253 5154 cuius
275 5081 395 5172 impiis
420 5092 455 5151 et
477 5081 632 5152 nefariis
646 5072 878 5153 concionibus
901 5084 1059 5154 irritatus
1073 5081 1149 5153 Lu·
1202 5087 1278 5158 Deo
1300 5084 1530 5177 pertinaciam
1550 5082 1690 5152 veritati
1702 5083 1965 5166 adversantem,
1991 5082 2075 5150 lecit
2099 5079 2196 5172 quod

151 5179 293 5268 theros,
319 5183 437 5253 studio
460 5182 601 5273 pietatis
624 5186 772 5271 ardens,
797 5186 909 5255 edidit
928 5183 1151 5279 Propositio-
1202 5188 1306 5259 multi
1335 5186 1397 5257 alii
1425 5186 1476 5277 pii
1511 5198 1545 5254 et
1570 5185 1744 5276 sapientes
1770 5186 1948 5267 lecerunt,
1975 5181 2058 5278 ‘Deo
2086 5180 2197 5260 cessit,

158 5382 391 5397 *η*

1241 5438 1284 5506 18)
1305 5436 1386 5494 Deci.
1405 5455 1459 5493 sua
1471 5439 1622 5505 :optarim
1635 5448 1783 5507 utrunque.

192 5496 242 5576 1ἵ)
260 5502 341 5562 Ded·
359 5506 507 5558 dukedfm
524 5507 681 5565 ‘imfimo
806 5534 811 5545 ·
986 5590 990 5595 Ι
1243 5517 1292 5589 tl)
1310 5521 1460 5584 exorsum]
1479 5514 1558 5572 Dcel.
1575 5531 1725 5572 exarsum.

167 5612 349 5679 Mrrtrrrr.
377 5613 482 5678 Orra.
533 5614 618 5681 vos.
643 5613 704 5687 VI.
1240 5619 1245 5624 ’
1387 5624 1429 5692 11
