4882 6426
194 343 271 418 stt
790 336 1227 417 uelatos-Attum
1276 340 1382 415 [ΑΒ.
1415 344 1462 420 Χ.
1516 338 1644 420 1⁶47.
2169 336 2250 416 m

202 513 350 583 dicitur:
390 508 435 594 dc
460 511 530 585 οὐκ
554 509 681 586 ἀκούει
707 507 919 613 σάλπιγγος.
988 513 1086 585 Bene
1112 515 1200 584 vale.
1251 509 1462 586 cherrimam
1488 513 1661 588 haherent
1677 516 1812 598 nostri,
1836 530 1874 587 et
1891 515 2053 585 omnium
2071 513 2251 581 bonorum

97 612 100 617 ’
201 612 270 685 Die
284 615 422 685 decimo
439 616 542 687 tertio
558 615 765 703 Februarii,
788 615 896 687 Anno
916 611 1024 692 1547.
1251 619 1345 688 oculi
1363 620 1402 687 in
1414 634 1486 691 tota
1503 618 1660 719 Europa
1675 620 1713 687 in
1731 642 1790 689 eos
1804 619 2049 700 intuerentur,
2076 628 2253 708 qnantum

1252 743 1325 789 sese
1366 724 1610 794 deformarunt
1636 723 1728 813 ipsi?
1786 719 1855 792 Sed
1882 714 1940 788 bis
1960 719 2133 810 exemplis
2153 740 2253 786 com·
2283 763 2284 766 =

225 890 228 895 ,
1251 826 1441 896 monefacit
1455 823 1636 906 nosDeus‚
1653 825 1849 894 utcoeleste
1864 823 2034 893 auxilium
2044 832 2078 890 et
2092 833 2252 911 petamus

207 922 392 1059 Mem*
460 1016 463 1022 ι
1034 998 1049 1056 1
1106 987 1167 1049 Feb
1252 938 1288 994 et
1303 942 1534 1018 expectemus.
1567 927 1650 997 Hac
1668 928 1735 994 lide
1752 925 1911 995 miserias
1928 940 2065 994 nostras
2080 918 2253 1012 placidius

212 1070 387 1109 Q&

212 836 448 847 mnu-*nnun-
458 839 509 847 ’.ψ-ι-
520 836 705 848 ...σο-ιφ-

1024 1078 1196 1106 w..
1252 1026 1416 1102 feramus.

578 1124 581 1129 ⁵
621 1124 633 1204 ’.
874 1189 880 1203 .
1356 1129 1426 1200 Hic
1448 1132 1549 1200 aiunt
1570 1132 1695 1200 missos
1717 1120 2255 1199 aMoeritc'ovenisseAldeu-

469 1180 659 1295 G⁸⁰rgl⁰
686 1181 945 1270 Ankaltan.
975 1225 978 1231 ’
1256 1228 1411 1323 burgum
1429 1236 1472 1302 ad
1490 1234 1782 1303 deliberationem
1800 1233 1844 1299 de
1861 1255 1956 1322 pace.
2009 1228 2090 1318 Qua
2107 1229 2151 1298 de
2170 1231 2254 1297 resi

279 1341 1038 1416 aptatistt.ptos.(ed.t0nt.tts.1t.ep.2ot.).
1142 1343 1144 1350 ⁴
1256 1330 1479 1426 quidhabes,
1503 1336 1671 1423 significa.
1710 1330 2256 1424 Epistotasmitt0,‚qoasmon-

604 1499 612 1515 ,
726 1500 733 1517 ,
1257 1451 1367 1505 strare
1390 1450 1489 1528 potes
1511 1436 1559 1508 R.
1575 1434 1620 1510 D.
1638 1429 1792 1504 Pastori
1815 1449 1849 1504 et
1867 1432 2073 1505 Clarissimo
2096 1422 2188 1502 Viro
2208 1430 2255 1502 D.

358 1497 411 1576 D.
439 1495 640 1596 Georgco
664 1495 831 1599 Prmcrpc
854 1527 893 1570 m
913 1497 1058 1572 anhalt
1258 1531 1482 1632 pontonos).
1827 1540 1829 1543 v
2185 1520 2189 1527 ·

96 1719 101 1729 .
166 1701 168 1706 .
211 1632 256 1726 S.
282 1651 326 1723 D.
378 1650 619 1739 illustrissime
641 1667 675 1723 et
695 1651 1004 1724 Reverendissime
1026 1652 1209 1744 Princeps,
1359 1638 1559 1710 Meministi
1584 1653 1619 1710 et
1640 1635 1872 1731 Propheticas
1897 1651 1932 1713 et
1955 1629 2120 1706 Graecas
2139 1632 2257 1706 hislo-

212 1753 349 1827 Literas
373 1756 418 1823 ad
439 1780 496 1825 me
519 1756 667 1847 scriptas
687 1756 732 1824 ab
750 1754 994 1825 lllustrissimo
1009 1753 1108 1825 Duce
1123 1750 1209 1823 Me-
1259 1742 1350 1822 rias,
1386 1766 1475 1836 quae
1506 1757 1655 1812 narrant
1681 1740 1916 1833 Respublicas
1942 1762 2002 1831 spe
2030 1753 2255 1807 externorum

213 1854 459 1951 galburgensi
479 1858 654 1929 mitterem
670 1855 760 1929 Cels,
776 1855 821 1930 V,
845 1858 915 1926 nisi
938 1853 1017 1926 heri
1040 1881 1097 1927 eas
1115 1859 1208 1948 apud
1260 1844 1473 1913 auxiliorum
1491 1845 1653 1934 deceptas
1670 1868 1813 1933 magnas
1830 1843 1896 1912 sibi
1912 1840 2123 1911 calamitates
2137 1863 2258 1909 accer-

215 1958 397 2031 lllustriss.
419 1946 564 2029 fratrem
592 1957 632 2028 C.
654 1957 698 2031 V.
722 1959 952 2051 reliquissem.
1026 1958 1095 2031 Sed
1128 1972 1212 2028 sunt
1260 1947 1393 2015 sivisse·
1459 1944 1533 2015 Nos
1557 1971 1698 2039 quoque
1724 1947 1879 2016 vidimus
1895 1942 1925 2038 ²)
1955 1956 2050 2011 mota
2074 1943 2168 2013 belle
2195 1963 2258 2034 spe

215 2063 369 2152 graviter
385 2062 553 2154 scriptae,
580 2074 614 2131 et
630 2061 819 2151 pollicetur
831 2059 931 2147 Dur,
956 2084 992 2129 se
1008 2062 1053 2130 ad
1068 2058 1211 2130 Electo-
1228 2100 1232 2107 ,
1261 2047 1387 2118 talium
1403 2043 1432 2144 3)
1455 2048 1668 2151 auxiliorum
1684 2072 1774 2142 quae
1794 2042 1948 2139 (omnia)
1966 2043 1996 2136 ⁴)
2021 2058 2128 2116 tetros
2141 2044 2258 2114 exitus

216 2187 290 2233 rem
315 2159 564 2232 Murchionem
586 2177 777 2232 venturum
802 2187 890 2248 esse,
926 2164 1210 2255 quamprimum
1261 2144 1485 2234 habueruut,
1521 2176 1561 2220 ac
1589 2151 1702 2219 miror
1729 2164 1869 2225 nostros
1897 2163 1968 2219 tam
1999 2147 2069 2217 cito
2092 2144 2258 2217 oblivisci

216 2266 262 2335 ab
284 2289 325 2335 eo
352 2267 481 2338 certior
505 2266 616 2335 lactus
638 2265 765 2350 fuerit,
790 2289 891 2357 posse
908 2265 1037 2356 suscipi
1054 2266 1210 2358 aliquam
1260 2246 1471 2321 iuliacense
1485 2254 1696 2344 exemplum·
1741 2252 1812 2323 Sed
1827 2248 1912 2322 haec
1929 2273 2059 2323 eorem.
2102 2247 2258 2339 Magno·

215 2366 502 2458 pacificationem.
570 2366 644 2435 lam
678 2367 838 2438 existimo
870 2362 997 2440 harum
1026 2366 1212 2437 literarum
1261 2378 1344 2445 pere
1374 2369 1407 2424 ie
1438 2378 1522 2441 oro,
1554 2368 1595 2425 ut
1624 2350 1777 2424 horteris
1801 2368 2020 2448 quaestorem
2043 2343 2257 2420 Iohannem

114 2534 117 2538 ,
217 2469 375 2560 exempla
390 2467 547 2539 Electori
563 2461 791 2549 Marchioni
812 2470 984 2539 mittenda
1003 2493 1088 2543 esse,
1140 2467 1212 2539 Ar.
1260 2451 1412 2526 Rasum
1436 2471 1476 2528 ut
1491 2457 1714 2528 tenuioribus
1729 2458 1870 2547 collegis
1888 2454 2024 2548 aliquid
2038 2455 2257 2524 corradatur.

48 2574 57 2585 ”
138 2645 141 2648 ,
217 2572 332 2642 bitror
359 2566 455 2639 enim
475 2555 676 2649 El'ectorern
701 2567 931 2641 Saxonicum
961 2571 1139 2652 assentiri,
1172 2586 1212 2641 ut
1260 2559 1359 2631 Beue
1374 2561 1463 2649 vale·
1491 2555 1586 2654 13·⁵)
1601 2558 1809 2646 Februarii,
1834 2555 1943 2629 Anno
1963 2553 2073 2629 1547.
2114 2570 2122 2590 ⁸

217 2672 424 2744 instituatur
437 2673 643 2764 pacificatio,
670 2687 704 2743 et
720 2697 793 2743 non
809 2698 979 2760 recusare,
1005 2699 1075 2767 quo
1091 2673 1212 2743 minus

216 2775 278 2844 fiat
300 2775 446 2865 supplex
471 2771 600 2866 lmper.
651 2774 720 2845 Sed
747 2789 863 2845 tamen
887 2776 973 2868 quid
989 2768 1214 2846 Marchiom'
1564 2850 1567 2855 ,

216 2876 456 2968 responderit,
487 2901 561 2946 non
585 2877 667 2946 scio.
718 2876 841 2970 Nuper
864 2903 943 2948 curn
971 2869 1211 2971 Witedergae
1272 2902 1338 2976 No·
1354 2902 1482 2977 375&
2114 2895 2255 2966 mua,

218 3002 347 3065 essem,
371 2977 498 3071 scripsi
514 2981 558 3049 ad
575 2976 775 3049 Electorem
793 2981 888 3049 fideli
907 2981 1045 3067 animo,
1065 2982 1126 3051 sed
1143 2983 1211 3050 du·
1266 3001 1492 3051 Μ,
1974 3017 1978 3030 ·
2124 2987 2254 3014 ‘⁴⁸'

216 3081 292 3152 rius
307 3105 412 3173 quarn
428 3083 597 3151 volebant
612 3081 800 3168 nonnulli,
824 3082 887 3175 qui
901 3097 1065 3156 metuunt
1079 3082 1211 3152 aulicas
1538 3101 1687 3188 Joach·
1721 3097 1982 3184 camerario,

217 3183 442 3256 offensiones.
476 3181 574 3253 Bene
591 3196 627 3253 et
639 3185 789 3254 feliciter
804 3185 917 3255 valeat
932 3183 972 3256 C.
988 3185 1032 3255 V.
1065 3183 1134 3255 Die
1153 3188 1211 3258 13.

218 3281 423 3368 Februarii,
453 3310 524 3376 quo
549 3299 630 3355 aute
653 3283 1211 3357 annos1716Maccubcusacic

217 3401 304 3456 v¹⁰¹t
339 3378 586 3471 Nummum’
634 3389 786 3478 superbe
826 3401 1028 3458 mmmmm
1066 3390 1211 3480 ¹e¹¹¹Pl⁰·
1261 3416 1488 3494 Clarissimo
1505 3421 1600 3509 viro,
1631 3415 1834 3491 eruditione
1850 3428 1882 3488 et
1899 3418 2028 3488 virtute
2048 3414 2258 3514 praestanti

218 3483 300 3577 Quo
335 3489 493 3580 exemplo
522 3486 619 3559 Deus
647 3501 792 3560 testatus
814 3503 884 3575 cst,
923 3491 992 3561 sibi
1017 3488 1212 3561 Ecclesiam
1261 3524 1316 3597 [0
1324 3551 1349 3597 a
1359 3550 1374 3596 c
1384 3521 1410 3594 l,
1419 3526 1508 3595 imo
1533 3517 1641 3595 Cam
1652 3508 1706 3596 μ’,
1725 3518 1861 3591 Bamb,
1876 3519 1996 3591 amico
2008 3528 2040 3590 et
2049 3518 2180 3618 fratri
2191 3526 2263 3588 suo

217 3613 316 3660 suam
335 3614 444 3660 rurae
464 3615 554 3675 esse,
584 3614 689 3683 quam
710 3606 750 3661 ut
770 3616 866 3662 nunc
882 3618 1023 3686 quoque
1042 3606 1213 3686 protegat,
1658 3624 1864 3711 carissimo,

217 3715 413 3782 precamur.

176 3799 182 3806 ·
1262 3760 1309 3851 S.
1335 3779 1380 3853 D.
1430 3779 1533 3849 Hanc
1554 3779 1738 3870 epistolam
1762 3774 2058 3850 lubucensem
2081 3767 2259 3866 aeditus

1265 3877 1393 3952 chaelo
1406 3874 1576 3966 Franco,
1605 3881 1666 3973 qui
1682 3880 1721 3947 in
1737 3878 1928 3949 Academia
1942 3876 2173 3946 Pomeranica
2188 3876 2259 3947 uti-

218 4029 275 4101 ΝΟ
301 4029 401 4105 5735
1264 3986 1348 4056 liter
1370 3988 1470 4056 docet
1485 3981 1671 4053 Elementa
1691 3981 1873 4050 doctrinae
1888 3981 1932 4049 de
1950 3979 2106 4049 motibus
2121 3978 2259 4065 celesti-

232 4078 413 4156 ν’ν-Ῐ
1035 4134 1208 4164 ...ω
1265 4090 1344 4175 bus,
1367 4102 1400 4158 et
1415 4087 1618 4158 universam
1632 4078 1898 4175 philosophiam
1914 4081 2069 4181 studiose
2082 4080 2178 4153 colit.
2206 4076 2260 4149 Te

558 4234 594 4323 C
637 4236 672 4325 C
756 4245 763 4262 .
1266 4203 1383 4260 autem
1405 4202 1578 4282 quantum
1594 4199 1705 4269 amet,
1733 4209 1831 4255 nunc
1846 4183 2071 4254 solicitudine
2087 4183 2132 4251 de
2149 4195 2184 4252 te
2197 4204 2260 4251 sua

592 4299 603 4322 ⁸
668 4267 882 4353 mmgem·
1266 4293 1431 4365 ostendit.
1482 4288 1587 4359 Prius
1608 4288 1642 4357 ei
1662 4281 1753 4355 nihil
1776 4286 1902 4356 tuitio
1922 4300 2043 4354 nostro
2060 4306 2261 4375 congressu,

290 4397 794 4486 Epirotis.tlt.p.1ts.gea.t.0nt,
813 4403 1052 4478 hunttrico).
1088 4408 1215 4481 Apogm
1267 4418 1374 4489 quam
1394 4409 1436 4465 ut
1458 4396 1501 4464 de
1517 4406 1578 4461 tua
1592 4388 1835 4459 incolumitate
1849 4387 2101 4477 interrogaret,
2128 4409 2168 4457 ac
2185 4384 2262 4457 val-

321 4468 413 4539 phem
427 4467 509 4526 Μ’
526 4470 660 4526 ⁶⁰¹¹¹²⁰¹⁸
676 4474 735 4529 ¹⁹¹·
755 4493 781 4545 μ’
797 4474 841 4530 ⁷⁸·
856 4482 884 4528 ⁰¹
895 4474 957 4530 ⁴⁰¹·
974 4494 1004 4549 Ρ·
1017 4477 1062 4531 ²¹·
1268 4501 1313 4568 de
1338 4499 1487 4566 laetatus
1510 4506 1578 4577 est,
1604 4507 1637 4563 te
1652 4505 1688 4561 et
1703 4491 1874 4559 familiam
1891 4488 2089 4559 obsidionis
2101 4486 2263 4578 pericula

1267 4599 1405 4671 vitasse.
1442 4594 1625 4688 ‘Cumque
1653 4614 1872 4684 speraremus
1897 4591 2023 4662 teiam
2049 4582 2265 4688 Ersordiae

1267 4700 1453 4784 restitisse,
1478 4714 1550 4770 tam
1567 4696 1664 4785 longi
1678 4694 1818 4764 itineris
1832 4692 1989 4763 laborem
2004 4716 2045 4761 eo
2062 4692 2131 4762 sibi
2147 4691 2265 4762 levio-

223 4769 265 4862 S.
290 4785 334 4861 D.
373 4786 475 4861 llanc
490 4789 687 4884 Epistolam
702 4790 902 4868 hodierum
917 4799 1118 4882 scriberem,
1141 4794 1216 4870 dies
1266 4800 1657 4882 remsorealfirmabat,
1683 4796 1759 4867 site
1774 4796 1895 4866 videre
1911 4806 2041 4886 posset.
2091 4791 2219 4883 Quare
2235 4793 2266 4863 si

207 4915 280 4961 ‘me
298 4893 512 4964 admonebat
533 4896 577 4965 de
604 4896 750 4968 victoria
773 4892 976 4969 Maccabei
983 4956 994 4987 ‚
1020 4925 1125 4994 quem
1149 4904 1216 4973 scis
1266 4908 1311 4975 ad
1328 4918 1361 4984 te
1377 4904 1514 4988 veniet,
1540 4914 1574 4971 et
1592 4913 1734 4991 propter
1749 4898 1952 4968 communia
1967 4895 2096 4980 studia,
2123 4908 2159 4965 et
2177 4918 2267 4990 pro-

222 4990 324 5067 Xlll.
341 4994 399 5065 die
421 4996 552 5064 mensis
566 4995 751 5086 Februarii
766 4997 884 5087 Adar,
910 5003 983 5072 acie
1003 5004 1125 5074 vicisse
1139 4998 1215 5077 Νί-
1265 5021 1345 5100 pter
1360 5007 1412 5077 tui
1426 5020 1600 5083 amorem,
1627 5024 1707 5071 eum
1722 5000 1964 5092 complectare.
2002 4995 2183 5069 Tertiam
2201 5000 2269 5070 ad-

224 5117 391 5164 canorem
413 5098 563 5189 superbe
584 5101 789 5172 minitatum
810 5105 952 5196 templo.
1002 5098 1081 5176 Etsi
1098 5119 1213 5177 autem
1273 5142 1481 5159 ----

223 5197 351 5289 gratias
369 5222 438 5297 ¹ago
460 5195 538 5269 Deo
557 5214 701 5272 aeterno
724 5202 985 5287 Pappiflomini
1007 5209 1120 5278 nostri
1135 5210 1214 5279 Iesu
1300 5199 1327 5263 1)
1341 5196 1399 5250 Hic
1411 5198 1490 5250 edant
1503 5198 1567 5265 etc]
1582 5214 1638 5250 non
1652 5195 1779 5267 leguntur
1790 5193 1820 5249 in
1834 5191 1897 5250 cod.
1913 5190 1999 5247 Goth.
2010 5186 2075 5243 tot.

222 5293 375 5380 Christi,
402 5303 498 5394 quod
517 5315 551 5372 el
565 5317 651 5373 tunc
666 5307 837 5411 proterit,
860 5296 896 5378 et
911 5323 1026 5379 servat
1045 5305 1214 5382 hactenus
1296 5283 1326 5424 ἔ)
1344 5283 1413 5423 ξος
1426 5282 1510 5422 ἓοὶἰ
1522 5283 1582 5421 {g}
1595 5285 1731 5421 ”Ciam
1748 5385 1776 5418 m

220 5392 431 5471 Ecclesiam:
461 5415 579 5473 tamen
607 5404 792 5477 bellatores
816 5410 1000 5484 conserens
1022 5436 1150 5503 magno
1174 5413 1214 5481 in
1296 5373 1325 5520 ,ζ
1344 5386 1818 5520 oritoulmituitlotitiouitdt.

221 5501 344 5573 dolore
358 5525 447 5577 sum.
483 5501 576 5575 Cum
589 5529 728 5579 causam
743 5523 823 5603 post
839 5506 1003 5584 homiues
1015 5528 1117 5587 natos
1132 5515 1213 5608 pul·
1298 5540 1328 5608 5)
1345 5540 1416 5599 coa.
1433 5538 1518 5594 Goth.
1536 5538 1596 5594 191.
1610 5537 1705 5593 tabet:
1725 5535 1770 5592 15.
1781 5537 1893 5592 ΜΓ..
2013 5510 2016 5517 ¹

1872 2764 2251 2785 ...u-——aq-—m

1329 3264 1414 3338 Epist.
1426 3263 1460 3318 ad
1476 3262 1613 3318 Camerar.
1632 3283 1659 3334 p.
1674 3261 1725 3316 570
1737 3281 1778 3332 sq.
1796 3259 1851 3331 (ed.
1866 3261 1955 3315 hond.
1969 3260 2017 3315 lib.
2031 3256 2081 3316 lV.
2098 3277 2142 3330 ep.
2155 3257 2236 3329 tta).

423 4639 477 4719 D.
504 4590 721 4744 Cosparo
752 4640 1039 4748 Cruct'gcro.⁴
