<?xml version="1.0" encoding="UTF-8"?>
<!DOCTYPE html PUBLIC "-//W3C//DTD XHTML 1.0 Transitional//EN"
    "http://www.w3.org/TR/xhtml1/DTD/xhtml1-transitional.dtd">
<html xmlns="http://www.w3.org/1999/xhtml" xml:lang="en" lang="en">
 <head>
  <title>
</title>
<meta http-equiv="Content-Type" content="text/html;charset=utf-8" />
  <meta name='ocr-system' content='tesseract 3.04.00' />
  <meta name='ocr-capabilities' content='ocr_page ocr_carea ocr_par ocr_line ocrx_word'/>
</head>
<body>
  <div class='ocr_page' id='page_1' title='image "./philippimelanth01melagoog/philippimelanth01melagoog_0177.png"; bbox 0 0 4882 6436; ppageno 0'>
   <div class='ocr_carea' id='block_1_1' title="bbox 123 256 2174 437">
    <p class='ocr_par' dir='ltr' id='par_1_1' title="bbox 123 256 2174 437">
     <span class='ocr_line' id='line_1_1' title="bbox 123 256 2174 437; baseline 0.013 -61"><span class='ocrx_word' id='word_1_1' title='bbox 123 299 200 376; x_wconf 79' lang='lat' dir='ltr'><strong>roo</strong></span> <span class='ocrx_word' id='word_1_2' title='bbox 294 311 298 329; x_wconf 88' lang='lat'><strong>·</strong></span> <span class='ocrx_word' id='word_1_3' title='bbox 717 297 1156 381; x_wconf 77' lang='lat' dir='ltr'><strong>nnrsronannn</strong></span> <span class='ocrx_word' id='word_1_4' title='bbox 1215 307 1323 383; x_wconf 79' lang='lat' dir='ltr'><strong>nro.</strong></span> <span class='ocrx_word' id='word_1_5' title='bbox 1356 310 1402 384; x_wconf 90' lang='lat' dir='ltr'><strong>x.</strong></span> <span class='ocrx_word' id='word_1_6' title='bbox 1457 312 1591 388; x_wconf 78' lang='lat'><strong>1⁵4⁶.</strong></span> <span class='ocrx_word' id='word_1_7' title='bbox 1961 256 2050 437; x_wconf 38' lang='grc' dir='ltr'><strong>θ’</strong></span> <span class='ocrx_word' id='word_1_8' title='bbox 2098 301 2174 404; x_wconf 79' lang='lat' dir='ltr'><strong>uo</strong></span> 
     </span>
    </p>
   </div>
   <div class='ocr_carea' id='block_1_2' title="bbox 19 470 2172 1280">
    <p class='ocr_par' dir='ltr' id='par_1_2' title="bbox 19 470 2172 1280">
     <span class='ocr_line' id='line_1_2' title="bbox 124 470 2172 571; baseline 0.015 -30"><span class='ocrx_word' id='word_1_9' title='bbox 124 495 205 564; x_wconf 93' lang='lat' dir='ltr'><strong>pem</strong></span> <span class='ocrx_word' id='word_1_10' title='bbox 220 470 482 560; x_wconf 78' lang='lat' dir='ltr'>languidiorem</span> <span class='ocrx_word' id='word_1_11' title='bbox 499 487 695 566; x_wconf 88' lang='lat' dir='ltr'><strong>essequam</strong></span> <span class='ocrx_word' id='word_1_12' title='bbox 711 498 828 564; x_wconf 82' lang='lat' dir='ltr'>nuper</span> <span class='ocrx_word' id='word_1_13' title='bbox 842 474 911 544; x_wconf 86' lang='lat' dir='ltr'><strong>luit</strong></span> <span class='ocrx_word' id='word_1_14' title='bbox 928 501 1008 544; x_wconf 94' lang='lat' dir='ltr'><strong>cum</strong></span> <span class='ocrx_word' id='word_1_15' title='bbox 1023 479 1125 546; x_wconf 88' lang='lat' dir='ltr'><strong>ades-</strong></span> <span class='ocrx_word' id='word_1_16' title='bbox 1176 491 1258 549; x_wconf 91' lang='lat' dir='ltr'><strong>ante</strong></span> <span class='ocrx_word' id='word_1_17' title='bbox 1282 481 1484 568; x_wconf 91' lang='lat' dir='ltr'><strong>meridiem;</strong></span> <span class='ocrx_word' id='word_1_18' title='bbox 1518 489 1579 556; x_wconf 88' lang='lat' dir='ltr'><strong>sed</strong></span> <span class='ocrx_word' id='word_1_19' title='bbox 1601 503 1683 560; x_wconf 87' lang='lat' dir='ltr'><strong>ante</strong></span> <span class='ocrx_word' id='word_1_20' title='bbox 1704 491 1854 564; x_wconf 86' lang='lat' dir='ltr'><strong>biduum</strong></span> <span class='ocrx_word' id='word_1_21' title='bbox 1878 495 1985 566; x_wconf 85' lang='lat' dir='ltr'><strong>fuisse</strong></span> <span class='ocrx_word' id='word_1_22' title='bbox 2007 500 2060 569; x_wconf 90' lang='lat' dir='ltr'><strong>ibi</strong></span> <span class='ocrx_word' id='word_1_23' title='bbox 2076 525 2172 571; x_wconf 91' lang='lat' dir='ltr'><strong>nun-</strong></span> 
     </span>
     <span class='ocr_line' id='line_1_3' title="bbox 123 569 2171 692; baseline 0.014 -50"><span class='ocrx_word' id='word_1_24' title='bbox 123 597 206 642; x_wconf 84' lang='lat' dir='ltr'><strong>sem.</strong></span> <span class='ocrx_word' id='word_1_25' title='bbox 266 572 524 661; x_wconf 89' lang='lat' dir='ltr'><strong>Wittenberga</strong></span> <span class='ocrx_word' id='word_1_26' title='bbox 555 569 662 643; x_wconf 92' lang='lat' dir='ltr'><strong>hodie</strong></span> <span class='ocrx_word' id='word_1_27' title='bbox 692 599 796 644; x_wconf 90' lang='lat' dir='ltr'><strong>mane</strong></span> <span class='ocrx_word' id='word_1_28' title='bbox 827 578 990 646; x_wconf 90' lang='lat' dir='ltr'><strong>nondum</strong></span> <span class='ocrx_word' id='word_1_29' title='bbox 1011 579 1123 648; x_wconf 89' lang='lat' dir='ltr'><strong>cincta</strong></span> <span class='ocrx_word' id='word_1_30' title='bbox 1175 581 1265 650; x_wconf 92' lang='lat' dir='ltr'><strong>tium</strong></span> <span class='ocrx_word' id='word_1_31' title='bbox 1295 583 1339 651; x_wconf 90' lang='lat' dir='ltr'><strong>ab</strong></span> <span class='ocrx_word' id='word_1_32' title='bbox 1365 578 1465 654; x_wconf 88' lang='lat' dir='ltr'><strong>hoste</strong></span> <span class='ocrx_word' id='word_1_33' title='bbox 1486 588 1652 675; x_wconf 87' lang='lat' dir='ltr'><strong>missum,</strong></span> <span class='ocrx_word' id='word_1_34' title='bbox 1685 594 1766 684; x_wconf 92' lang='lat' dir='ltr'><strong>qui,</strong></span> <span class='ocrx_word' id='word_1_35' title='bbox 1802 597 1887 689; x_wconf 90' lang='lat' dir='ltr'><strong>qnid</strong></span> <span class='ocrx_word' id='word_1_36' title='bbox 1911 599 2171 692; x_wconf 85' lang='lat' dir='ltr'><strong>significaverit,</strong></span> 
     </span>
     <span class='ocr_line' id='line_1_4' title="bbox 122 674 2169 781; baseline 0.009 -38"><span class='ocrx_word' id='word_1_37' title='bbox 122 674 193 744; x_wconf 86' lang='lat' dir='ltr'><strong>fuit</strong></span> <span class='ocrx_word' id='word_1_38' title='bbox 214 675 417 747; x_wconf 84' lang='lat' dir='ltr'><strong>obsidione.</strong></span> <span class='ocrx_word' id='word_1_39' title='bbox 471 675 538 744; x_wconf 92' lang='lat' dir='ltr'><strong>lbit</strong></span> <span class='ocrx_word' id='word_1_40' title='bbox 559 676 667 764; x_wconf 88' lang='lat' dir='ltr'><strong>igitur</strong></span> <span class='ocrx_word' id='word_1_41' title='bbox 681 690 763 747; x_wconf 89' lang='lat' dir='ltr'><strong>tuus</strong></span> <span class='ocrx_word' id='word_1_42' title='bbox 779 677 955 764; x_wconf 91' lang='lat' dir='ltr'><strong>ministcr;</strong></span> <span class='ocrx_word' id='word_1_43' title='bbox 983 681 1043 748; x_wconf 90' lang='lat' dir='ltr'><strong>sed</strong></span> <span class='ocrx_word' id='word_1_44' title='bbox 1060 683 1125 750; x_wconf 91' lang='lat' dir='ltr'><strong>ad·</strong></span> <span class='ocrx_word' id='word_1_45' title='bbox 1175 705 1319 751; x_wconf 90' lang='lat' dir='ltr'><strong>narrare</strong></span> <span class='ocrx_word' id='word_1_46' title='bbox 1341 687 1460 774; x_wconf 88' lang='lat' dir='ltr'><strong>auriga</strong></span> <span class='ocrx_word' id='word_1_47' title='bbox 1477 711 1550 756; x_wconf 94' lang='lat' dir='ltr'><strong>non</strong></span> <span class='ocrx_word' id='word_1_48' title='bbox 1567 707 1713 781; x_wconf 87' lang='lat' dir='ltr'><strong>poterat.</strong></span> <span class='ocrx_word' id='word_1_49' title='bbox 1765 695 2169 773; x_wconf 69' lang='lat' dir='ltr'><strong>Tuoministroaddam</strong></span> 
     </span>
     <span class='ocr_line' id='line_1_5' title="bbox 19 777 2168 890; baseline 0.015 -49"><span class='ocrx_word' id='word_1_50' title='bbox 19 816 22 822; x_wconf 93' lang='lat'>·</span> <span class='ocrx_word' id='word_1_51' title='bbox 122 777 268 864; x_wconf 86' lang='lat' dir='ltr'><strong>iungam</strong></span> <span class='ocrx_word' id='word_1_52' title='bbox 295 800 413 846; x_wconf 90' lang='lat' dir='ltr'><strong>meum</strong></span> <span class='ocrx_word' id='word_1_53' title='bbox 439 778 716 862; x_wconf 81' lang='lat' dir='ltr'><strong>adolescentem,</strong></span> <span class='ocrx_word' id='word_1_54' title='bbox 754 782 816 870; x_wconf 89' lang='lat' dir='ltr'><strong>qui</strong></span> <span class='ocrx_word' id='word_1_55' title='bbox 840 781 884 847; x_wconf 93' lang='lat' dir='ltr'><strong>ad</strong></span> <span class='ocrx_word' id='word_1_56' title='bbox 908 783 1122 872; x_wconf 82' lang='lat' dir='ltr'><strong>exploranda</strong></span> <span class='ocrx_word' id='word_1_57' title='bbox 1174 787 1593 876; x_wconf 29' lang='lat' dir='ltr'><strong>meum-adolescentem,</strong></span> <span class='ocrx_word' id='word_1_58' title='bbox 1626 797 1683 863; x_wconf 90' lang='lat' dir='ltr'><strong>cui</strong></span> <span class='ocrx_word' id='word_1_59' title='bbox 1706 809 1740 864; x_wconf 92' lang='lat' dir='ltr'><strong>et</strong></span> <span class='ocrx_word' id='word_1_60' title='bbox 1754 798 1831 866; x_wconf 91' lang='lat' dir='ltr'><strong>viae</strong></span> <span class='ocrx_word' id='word_1_61' title='bbox 1847 799 1939 869; x_wconf 91' lang='lat' dir='ltr'><strong>bene</strong></span> <span class='ocrx_word' id='word_1_62' title='bbox 1956 817 2060 872; x_wconf 87' lang='lat' dir='ltr'><strong>notae</strong></span> <span class='ocrx_word' id='word_1_63' title='bbox 2076 819 2168 890; x_wconf 84' lang='lat' dir='ltr'><strong>sunt,</strong></span> 
     </span>
     <span class='ocr_line' id='line_1_6' title="bbox 122 878 2168 996; baseline 0.014 -51"><span class='ocrx_word' id='word_1_64' title='bbox 122 878 251 946; x_wconf 89' lang='lat' dir='ltr'><strong>itinera</strong></span> <span class='ocrx_word' id='word_1_65' title='bbox 269 878 419 947; x_wconf 90' lang='lat' dir='ltr'><strong>idoneus</strong></span> <span class='ocrx_word' id='word_1_66' title='bbox 434 892 496 962; x_wconf 90' lang='lat' dir='ltr'><strong>est,</strong></span> <span class='ocrx_word' id='word_1_67' title='bbox 523 893 557 948; x_wconf 92' lang='lat' dir='ltr'><strong>et</strong></span> <span class='ocrx_word' id='word_1_68' title='bbox 573 879 730 948; x_wconf 87' lang='lat' dir='ltr'><strong>lortassis</strong></span> <span class='ocrx_word' id='word_1_69' title='bbox 748 880 807 949; x_wconf 91' lang='lat' dir='ltr'><strong>ibo</strong></span> <span class='ocrx_word' id='word_1_70' title='bbox 826 880 911 970; x_wconf 89' lang='lat' dir='ltr'><strong>ipse.</strong></span> <span class='ocrx_word' id='word_1_71' title='bbox 963 880 1042 952; x_wconf 90' lang='lat' dir='ltr'><strong>Etsi</strong></span> <span class='ocrx_word' id='word_1_72' title='bbox 1057 906 1122 952; x_wconf 89' lang='lat' dir='ltr'><strong>au·</strong></span> <span class='ocrx_word' id='word_1_73' title='bbox 1174 898 1208 954; x_wconf 89' lang='lat' dir='ltr'><strong>et</strong></span> <span class='ocrx_word' id='word_1_74' title='bbox 1240 902 1359 956; x_wconf 88' lang='lat' dir='ltr'><strong>notam</strong></span> <span class='ocrx_word' id='word_1_75' title='bbox 1381 883 1410 980; x_wconf 79' lang='lat'><strong>³)</strong></span> <span class='ocrx_word' id='word_1_76' title='bbox 1444 891 1618 962; x_wconf 90' lang='lat' dir='ltr'><strong>rationem</strong></span> <span class='ocrx_word' id='word_1_77' title='bbox 1652 898 1861 985; x_wconf 86' lang='lat' dir='ltr'><strong>explorandi</strong></span> <span class='ocrx_word' id='word_1_78' title='bbox 1887 916 2015 972; x_wconf 91' lang='lat' dir='ltr'><strong>statum</strong></span> <span class='ocrx_word' id='word_1_79' title='bbox 2044 907 2168 996; x_wconf 89' lang='lat' dir='ltr'>oppidi</span> 
     </span>
     <span class='ocr_line' id='line_1_7' title="bbox 122 980 2165 1092; baseline 0.014 -44"><span class='ocrx_word' id='word_1_80' title='bbox 122 993 194 1048; x_wconf 88' lang='lat' dir='ltr'><strong>tem</strong></span> <span class='ocrx_word' id='word_1_81' title='bbox 225 980 360 1048; x_wconf 88' lang='lat' dir='ltr'><strong>bellum</strong></span> <span class='ocrx_word' id='word_1_82' title='bbox 386 993 420 1049; x_wconf 93' lang='lat' dir='ltr'><strong>et</strong></span> <span class='ocrx_word' id='word_1_83' title='bbox 446 1003 545 1049; x_wconf 91' lang='lat' dir='ltr'><strong>meae</strong></span> <span class='ocrx_word' id='word_1_84' title='bbox 570 982 797 1049; x_wconf 86' lang='lat' dir='ltr'><strong>oeconomiae</strong></span> <span class='ocrx_word' id='word_1_85' title='bbox 825 983 1118 1069; x_wconf 85' lang='lat' dir='ltr'><strong>detrimentosum</strong></span> <span class='ocrx_word' id='word_1_86' title='bbox 1172 989 1284 1055; x_wconf 88' lang='lat' dir='ltr'><strong>nostri</strong></span> <span class='ocrx_word' id='word_1_87' title='bbox 1300 990 1466 1065; x_wconf 77' lang='lat' dir='ltr'>arbitror.</span> <span class='ocrx_word' id='word_1_88' title='bbox 1495 991 1574 1082; x_wconf 92' lang='lat' dir='ltr'><strong>lpse</strong></span> <span class='ocrx_word' id='word_1_89' title='bbox 1585 993 1614 1084; x_wconf 87' lang='lat'><strong>⁴)</strong></span> <span class='ocrx_word' id='word_1_90' title='bbox 1629 992 1745 1066; x_wconf 89' lang='lat' dir='ltr'><strong>adhuc</strong></span> <span class='ocrx_word' id='word_1_91' title='bbox 1761 1025 1831 1068; x_wconf 75' lang='lat' dir='ltr'><strong>rana</strong></span> <span class='ocrx_word' id='word_1_92' title='bbox 1847 1003 1899 1071; x_wconf 86' lang='lat' dir='ltr'><strong>ire</strong></span> <span class='ocrx_word' id='word_1_93' title='bbox 1912 1004 2038 1092; x_wconf 87' lang='lat' dir='ltr'><strong>cogito.</strong></span> <span class='ocrx_word' id='word_1_94' title='bbox 2069 1004 2165 1077; x_wconf 87' lang='lat' dir='ltr'><strong>Bene</strong></span> 
     </span>
     <span class='ocr_line' id='line_1_8' title="bbox 124 1080 2012 1200; baseline 0.016 -52"><span class='ocrx_word' id='word_1_95' title='bbox 124 1093 195 1164; x_wconf 86' lang='lat' dir='ltr'><strong>cst,</strong></span> <span class='ocrx_word' id='word_1_96' title='bbox 220 1093 358 1170; x_wconf 87' lang='lat' dir='ltr'><strong>tamen,</strong></span> <span class='ocrx_word' id='word_1_97' title='bbox 382 1080 413 1148; x_wconf 90' lang='lat' dir='ltr'><strong>si</strong></span> <span class='ocrx_word' id='word_1_98' title='bbox 429 1105 567 1150; x_wconf 90' lang='lat' dir='ltr'><strong>necesse</strong></span> <span class='ocrx_word' id='word_1_99' title='bbox 584 1085 650 1150; x_wconf 89' lang='lat' dir='ltr'><strong>erit</strong></span> <span class='ocrx_word' id='word_1_100' title='bbox 667 1083 753 1166; x_wconf 92' lang='lat' dir='ltr'><strong>tibi,</strong></span> <span class='ocrx_word' id='word_1_101' title='bbox 781 1084 825 1151; x_wconf 91' lang='lat' dir='ltr'><strong>ab</strong></span> <span class='ocrx_word' id='word_1_102' title='bbox 843 1084 963 1163; x_wconf 82' lang='lat' dir='ltr'><strong>amicis</strong></span> <span class='ocrx_word' id='word_1_103' title='bbox 981 1085 1117 1177; x_wconf 81' lang='lat' dir='ltr'><strong>¹aliquid</strong></span> <span class='ocrx_word' id='word_1_104' title='bbox 1171 1089 1247 1156; x_wconf 90' lang='lat' dir='ltr'><strong>vale</strong></span> <span class='ocrx_word' id='word_1_105' title='bbox 1264 1089 1319 1159; x_wconf 86' lang='lat' dir='ltr'><strong>rir</strong></span> <span class='ocrx_word' id='word_1_106' title='bbox 1337 1093 1468 1181; x_wconf 89' lang='lat' dir='ltr'><strong>optime</strong></span> <span class='ocrx_word' id='word_1_107' title='bbox 1485 1107 1519 1165; x_wconf 91' lang='lat' dir='ltr'><strong>et</strong></span> <span class='ocrx_word' id='word_1_108' title='bbox 1535 1097 1645 1166; x_wconf 86' lang='lat' dir='ltr'><strong>amice</strong></span> <span class='ocrx_word' id='word_1_109' title='bbox 1662 1101 1840 1183; x_wconf 82' lang='lat' dir='ltr'><strong>carissime</strong></span> <span class='ocrx_word' id='word_1_110' title='bbox 1859 1100 1959 1178; x_wconf 77' lang='lat'>1547</span> <span class='ocrx_word' id='word_1_111' title='bbox 1973 1102 2012 1200; x_wconf 82' lang='lat'><strong>⁵).</strong></span> 
     </span>
     <span class='ocr_line' id='line_1_9' title="bbox 122 1181 2113 1280; baseline 0.006 -32"><span class='ocrx_word' id='word_1_112' title='bbox 122 1205 278 1267; x_wconf 87' lang='lat' dir='ltr'><strong>sumere,</strong></span> <span class='ocrx_word' id='word_1_113' title='bbox 308 1206 328 1250; x_wconf 89' lang='lat' dir='ltr'><strong>a</strong></span> <span class='ocrx_word' id='word_1_114' title='bbox 352 1183 577 1254; x_wconf 77' lang='lat' dir='ltr'><strong>mesumito.</strong></span> <span class='ocrx_word' id='word_1_115' title='bbox 642 1181 765 1252; x_wconf 88' lang='lat' dir='ltr'><strong>Donec</strong></span> <span class='ocrx_word' id='word_1_116' title='bbox 785 1184 921 1277; x_wconf 89' lang='lat' dir='ltr'><strong>aliquid</strong></span> <span class='ocrx_word' id='word_1_117' title='bbox 943 1188 1117 1276; x_wconf 87' lang='lat' dir='ltr'><strong>supererit</strong></span> <span class='ocrx_word' id='word_1_118' title='bbox 1995 1206 2035 1280; x_wconf 60' lang='grc' dir='ltr'><strong>Ρ,</strong></span> <span class='ocrx_word' id='word_1_119' title='bbox 2059 1204 2113 1279; x_wconf 67' lang='lat' dir='ltr'><strong>M,</strong></span> 
     </span>
    </p>
   </div>
   <div class='ocr_carea' id='block_1_3' title="bbox 120 1283 1736 1459">
    <p class='ocr_par' dir='ltr' id='par_1_3' title="bbox 120 1283 1736 1459">
     <span class='ocr_line' id='line_1_10' title="bbox 120 1283 1390 1367; baseline 0.002 -17"><span class='ocrx_word' id='word_1_120' title='bbox 120 1283 285 1352; x_wconf 76' lang='lat' dir='ltr'><strong>fortunae</strong></span> <span class='ocrx_word' id='word_1_121' title='bbox 301 1294 460 1367; x_wconf 86' lang='lat' dir='ltr'><strong>nostrae,</strong></span> <span class='ocrx_word' id='word_1_122' title='bbox 485 1285 551 1353; x_wconf 91' lang='lat' dir='ltr'><strong>tibi</strong></span> <span class='ocrx_word' id='word_1_123' title='bbox 567 1309 754 1353; x_wconf 90' lang='lat' dir='ltr'><strong>commune</strong></span> <span class='ocrx_word' id='word_1_124' title='bbox 775 1286 852 1355; x_wconf 88' lang='lat' dir='ltr'><strong>erit.</strong></span> <span class='ocrx_word' id='word_1_125' title='bbox 903 1283 1000 1355; x_wconf 87' lang='lat' dir='ltr'><strong>Bene</strong></span> <span class='ocrx_word' id='word_1_126' title='bbox 1016 1302 1050 1358; x_wconf 91' lang='lat' dir='ltr'><strong>et</strong></span> <span class='ocrx_word' id='word_1_127' title='bbox 1064 1289 1116 1356; x_wconf 85' lang='lat' dir='ltr'><strong>lc·</strong></span> <span class='ocrx_word' id='word_1_128' title='bbox 1165 1310 1390 1324; x_wconf 76' lang='grc'><strong>--·--</strong></span> 
     </span>
     <span class='ocr_line' id='line_1_11' title="bbox 120 1377 1736 1459; baseline -0.007 -7"><span class='ocrx_word' id='word_1_129' title='bbox 120 1384 236 1454; x_wconf 89' lang='lat' dir='ltr'><strong>liciter</strong></span> <span class='ocrx_word' id='word_1_130' title='bbox 254 1385 342 1458; x_wconf 91' lang='lat' dir='ltr'><strong>vale.</strong></span> <span class='ocrx_word' id='word_1_131' title='bbox 393 1383 461 1455; x_wconf 91' lang='lat' dir='ltr'><strong>Die</strong></span> <span class='ocrx_word' id='word_1_132' title='bbox 475 1385 509 1457; x_wconf 83' lang='lat'><strong>7.</strong></span> <span class='ocrx_word' id='word_1_133' title='bbox 524 1383 653 1459; x_wconf 88' lang='lat' dir='ltr'><strong>Deobr.</strong></span> <span class='ocrx_word' id='word_1_134' title='bbox 1202 1377 1230 1446; x_wconf 78' lang='lat' dir='ltr'><strong>s)</strong></span> <span class='ocrx_word' id='word_1_135' title='bbox 1248 1384 1359 1442; x_wconf 70' lang='lat' dir='ltr'><strong>mum]</strong></span> <span class='ocrx_word' id='word_1_136' title='bbox 1377 1380 1439 1434; x_wconf 83' lang='lat' dir='ltr'><strong>cod·</strong></span> <span class='ocrx_word' id='word_1_137' title='bbox 1454 1379 1610 1434; x_wconf 75' lang='lat' dir='ltr'><strong>Goth-401·</strong></span> <span class='ocrx_word' id='word_1_138' title='bbox 1628 1387 1736 1441; x_wconf 74' lang='lat' dir='ltr'><strong>notavi.</strong></span> 
     </span>
    </p>
   </div>
   <div class='ocr_carea' id='block_1_4' title="bbox 130 1457 2063 1581">
    <p class='ocr_par' dir='ltr' id='par_1_4' title="bbox 130 1457 2063 1581">
     <span class='ocr_line' id='line_1_12' title="bbox 130 1457 2063 1581; baseline 0.011 -73"><span class='ocrx_word' id='word_1_139' title='bbox 130 1501 140 1508; x_wconf 85' lang='lat'><em>.</em></span> <span class='ocrx_word' id='word_1_140' title='bbox 221 1484 267 1561; x_wconf 47' lang='lat' dir='ltr'><strong>D·</strong></span> <span class='ocrx_word' id='word_1_141' title='bbox 286 1482 395 1571; x_wconf 54' lang='lat' dir='ltr'><strong>Vno,</strong></span> <span class='ocrx_word' id='word_1_142' title='bbox 421 1480 660 1581; x_wconf 51' lang='lat' dir='ltr'><em>Dsseorgio&#39;</em></span> <span class='ocrx_word' id='word_1_143' title='bbox 684 1485 729 1556; x_wconf 51' lang='lat' dir='ltr'><strong>D.</strong></span> <span class='ocrx_word' id='word_1_144' title='bbox 750 1481 943 1559; x_wconf 59' lang='lat' dir='ltr'><em>Marcello</em></span> <span class='ocrx_word' id='word_1_145' title='bbox 967 1486 1115 1555; x_wconf 47' lang='lat' dir='ltr'>salutem</span> <span class='ocrx_word' id='word_1_146' title='bbox 1202 1457 1229 1528; x_wconf 83' lang='grc'><strong>4)</strong></span> <span class='ocrx_word' id='word_1_147' title='bbox 1249 1461 1688 1534; x_wconf 77' lang='lat' dir='ltr'><strong>Cod.Gotb.401.intcrpungit:</strong></span> <span class='ocrx_word' id='word_1_148' title='bbox 1711 1470 1810 1523; x_wconf 78' lang='lat' dir='ltr'><strong>nostri.</strong></span> <span class='ocrx_word' id='word_1_149' title='bbox 1846 1473 2063 1538; x_wconf 71' lang='lat' dir='ltr'><strong>Arbitroripse.</strong></span> 
     </span>
    </p>
   </div>
   <div class='ocr_carea' id='block_1_5' title="bbox 121 1545 2163 1679">
    <p class='ocr_par' dir='ltr' id='par_1_5' title="bbox 121 1545 2163 1679">
     <span class='ocr_line' id='line_1_13' title="bbox 129 1545 2163 1630; baseline 0.02 -55"><span class='ocrx_word' id='word_1_150' title='bbox 129 1578 134 1585; x_wconf 71' lang='grc'><em>,</em></span> <span class='ocrx_word' id='word_1_151' title='bbox 270 1615 275 1620; x_wconf 90' lang='lat'><strong>.</strong></span> <span class='ocrx_word' id='word_1_152' title='bbox 298 1590 302 1595; x_wconf 37' lang='grc'><strong>,</strong></span> <span class='ocrx_word' id='word_1_153' title='bbox 1202 1545 1230 1613; x_wconf 84' lang='grc'><strong>5)</strong></span> <span class='ocrx_word' id='word_1_154' title='bbox 1247 1548 1278 1600; x_wconf 89' lang='lat' dir='ltr'><strong>ln</strong></span> <span class='ocrx_word' id='word_1_155' title='bbox 1291 1565 1453 1628; x_wconf 36' lang='lat' dir='ltr'><strong>anno-error</strong></span> <span class='ocrx_word' id='word_1_156' title='bbox 1466 1560 1522 1617; x_wconf 87' lang='lat' dir='ltr'><strong>est,</strong></span> <span class='ocrx_word' id='word_1_157' title='bbox 1545 1569 1626 1620; x_wconf 86' lang='lat' dir='ltr'><strong>qoem</strong></span> <span class='ocrx_word' id='word_1_158' title='bbox 1639 1551 1818 1620; x_wconf 85' lang='lat' dir='ltr'><strong>addiderunt,</strong></span> <span class='ocrx_word' id='word_1_159' title='bbox 1835 1557 1881 1627; x_wconf 88' lang='lat' dir='ltr'><strong>qui</strong></span> <span class='ocrx_word' id='word_1_160' title='bbox 1897 1577 1938 1628; x_wconf 84' lang='lat' dir='ltr'><strong>ep.</strong></span> <span class='ocrx_word' id='word_1_161' title='bbox 1953 1559 2163 1630; x_wconf 82' lang='lat' dir='ltr'><strong>descripserunt,</strong></span> 
     </span>
     <span class='ocr_line' id='line_1_14' title="bbox 121 1600 1402 1679; baseline 0.009 -23"><span class='ocrx_word' id='word_1_162' title='bbox 121 1600 217 1679; x_wconf 77' lang='lat' dir='ltr'><strong>opio.</strong></span> <span class='ocrx_word' id='word_1_163' title='bbox 1236 1632 1267 1667; x_wconf 82' lang='lat' dir='ltr'><strong>ex</strong></span> <span class='ocrx_word' id='word_1_164' title='bbox 1281 1615 1402 1669; x_wconf 75' lang='lat' dir='ltr'><strong>arbitrio.</strong></span> 
     </span>
    </p>
   </div>
   <div class='ocr_carea' id='block_1_6' title="bbox 127 1898 2252 2120">
    <p class='ocr_par' dir='ltr' id='par_1_6' title="bbox 127 1898 2252 2120">
     <span class='ocr_line' id='line_1_15' title="bbox 129 1898 2252 2028; baseline 0.005 -30"><span class='ocrx_word' id='word_1_165' title='bbox 129 1924 203 1999; x_wconf 82' lang='lat' dir='ltr'><strong>No.</strong></span> <span class='ocrx_word' id='word_1_166' title='bbox 220 1924 335 2001; x_wconf 73' lang='lat'><strong>5651.</strong></span> <span class='ocrx_word' id='word_1_167' title='bbox 685 1898 1093 2028; x_wconf 47' lang='lat' dir='ltr'><strong>embammatum.)</strong></span> <span class='ocrx_word' id='word_1_168' title='bbox 1167 1920 1317 2012; x_wconf 81' lang='lat' dir='ltr'><strong>Menii,</strong></span> <span class='ocrx_word' id='word_1_169' title='bbox 1358 1938 1392 1997; x_wconf 85' lang='lat' dir='ltr'><strong>et</strong></span> <span class='ocrx_word' id='word_1_170' title='bbox 1419 1930 1544 1997; x_wconf 91' lang='lat' dir='ltr'><strong>vellem</strong></span> <span class='ocrx_word' id='word_1_171' title='bbox 1570 1904 1652 2001; x_wconf 78' lang='lat' dir='ltr'><strong>ante</strong></span> <span class='ocrx_word' id='word_1_172' title='bbox 1673 1931 1853 2022; x_wconf 86' lang='lat' dir='ltr'><strong>epilogum</strong></span> <span class='ocrx_word' id='word_1_173' title='bbox 1876 1960 1990 2026; x_wconf 87' lang='lat' dir='ltr'><strong>nuper</strong></span> <span class='ocrx_word' id='word_1_174' title='bbox 2011 1936 2160 2008; x_wconf 90' lang='lat' dir='ltr'><strong>missum</strong></span> <span class='ocrx_word' id='word_1_175' title='bbox 2244 1956 2252 1971; x_wconf 77' lang='grc'><em>·</em></span> 
     </span>
     <span class='ocr_line' id='line_1_16' title="bbox 127 2027 2161 2120; baseline 0.015 -39"><span class='ocrx_word' id='word_1_176' title='bbox 127 2027 340 2060; x_wconf 52' lang='grc' dir='ltr'><strong>Μ</strong></span> <span class='ocrx_word' id='word_1_177' title='bbox 712 2029 1107 2065; x_wconf 57' lang='grc' dir='ltr'><em>Μ</em></span> <span class='ocrx_word' id='word_1_178' title='bbox 1168 2028 1289 2099; x_wconf 90' lang='lat' dir='ltr'><strong>inseri.</strong></span> <span class='ocrx_word' id='word_1_179' title='bbox 1340 2028 1408 2099; x_wconf 88' lang='lat' dir='ltr'><strong>Sed</strong></span> <span class='ocrx_word' id='word_1_180' title='bbox 1432 2031 1459 2096; x_wconf 91' lang='lat' dir='ltr'><strong>si</strong></span> <span class='ocrx_word' id='word_1_181' title='bbox 1484 2029 1600 2120; x_wconf 87' lang='lat' dir='ltr'><strong>priora</strong></span> <span class='ocrx_word' id='word_1_182' title='bbox 1616 2057 1740 2103; x_wconf 85' lang='lat' dir='ltr'><strong>excusa</strong></span> <span class='ocrx_word' id='word_1_183' title='bbox 1755 2048 1857 2119; x_wconf 91' lang='lat' dir='ltr'><strong>sunt,</strong></span> <span class='ocrx_word' id='word_1_184' title='bbox 1885 2031 1969 2105; x_wconf 90' lang='lat' dir='ltr'><strong>baec</strong></span> <span class='ocrx_word' id='word_1_185' title='bbox 1984 2041 2161 2111; x_wconf 80' lang='lat' dir='ltr'><strong>addentur</strong></span> 
     </span>
    </p>
   </div>
   <div class='ocr_carea' id='block_1_7' title="bbox 463 2129 2287 2250">
    <p class='ocr_par' dir='ltr' id='par_1_7' title="bbox 463 2129 2287 2250">
     <span class='ocr_line' id='line_1_17' title="bbox 463 2129 2287 2250; baseline -0.005 -30"><span class='ocrx_word' id='word_1_186' title='bbox 463 2134 503 2221; x_wconf 78' lang='lat' dir='ltr'><strong>C.</strong></span> <span class='ocrx_word' id='word_1_187' title='bbox 537 2130 778 2250; x_wconf 64' lang='lat' dir='ltr'><strong>Cruct&#39;gem.</strong></span> <span class='ocrx_word' id='word_1_188' title='bbox 965 2185 967 2189; x_wconf 92' lang='lat'>-</span> <span class='ocrx_word' id='word_1_189' title='bbox 1168 2143 1298 2220; x_wconf 84' lang='lat' dir='ltr'><strong>postea.</strong></span> <span class='ocrx_word' id='word_1_190' title='bbox 1349 2129 1518 2200; x_wconf 90' lang='lat' dir='ltr'><strong>Rescribe</strong></span> <span class='ocrx_word' id='word_1_191' title='bbox 1542 2131 2011 2233; x_wconf 78' lang='lat' dir='ltr'><strong>etiamdcbispagellis&#39;&#39;⁶).</strong></span> <span class='ocrx_word' id='word_1_192' title='bbox 2062 2138 2160 2212; x_wconf 84' lang='lat' dir='ltr'><strong>Bene</strong></span> <span class='ocrx_word' id='word_1_193' title='bbox 2279 2219 2287 2235; x_wconf 35' lang='grc' dir='ltr'><strong><em>Ι</em></strong></span> 
     </span>
    </p>
   </div>
   <div class='ocr_carea' id='block_1_8' title="bbox 192 2224 2159 2373">
    <p class='ocr_par' dir='ltr' id='par_1_8' title="bbox 192 2224 2159 2373">
     <span class='ocr_line' id='line_1_18' title="bbox 192 2224 2159 2373; baseline 0.006 -72"><span class='ocrx_word' id='word_1_194' title='bbox 192 2270 506 2373; x_wconf 63' lang='lat' dir='ltr'><strong>nptn.1n.ttt.&#39;p.157.</strong></span> <span class='ocrx_word' id='word_1_195' title='bbox 526 2297 940 2369; x_wconf 68' lang='lat' dir='ltr'><strong>(natant.tib.ttt.ep.81.).</strong></span> <span class='ocrx_word' id='word_1_196' title='bbox 970 2297 1116 2370; x_wconf 72' lang='lat' dir='ltr'><strong>apogntn</strong></span> <span class='ocrx_word' id='word_1_197' title='bbox 1167 2256 1207 2299; x_wconf 90' lang='lat' dir='ltr'><strong>ac</strong></span> <span class='ocrx_word' id='word_1_198' title='bbox 1221 2232 1371 2300; x_wconf 85' lang='lat' dir='ltr'><strong>seborter</strong></span> <span class='ocrx_word' id='word_1_199' title='bbox 1388 2232 1476 2303; x_wconf 90' lang='lat' dir='ltr'><strong>vale.</strong></span> <span class='ocrx_word' id='word_1_200' title='bbox 1509 2224 1865 2327; x_wconf 80' lang='lat' dir='ltr'><strong>†D.8.Decbr.48.</strong></span> <span class='ocrx_word' id='word_1_201' title='bbox 1900 2237 2058 2309; x_wconf 89' lang='lat' dir='ltr'><strong>Salutem</strong></span> <span class='ocrx_word' id='word_1_202' title='bbox 2075 2255 2159 2335; x_wconf 92' lang='lat' dir='ltr'><strong>opto</strong></span> 
     </span>
    </p>
   </div>
   <div class='ocr_carea' id='block_1_9' title="bbox 230 2330 1725 2442">
    <p class='ocr_par' dir='ltr' id='par_1_9' title="bbox 230 2330 1725 2442">
     <span class='ocr_line' id='line_1_19' title="bbox 230 2330 1725 2442; baseline -0.017 -17"><span class='ocrx_word' id='word_1_203' title='bbox 230 2371 295 2424; x_wconf 80' lang='lat' dir='ltr'><strong>cod.</strong></span> <span class='ocrx_word' id='word_1_204' title='bbox 312 2368 395 2424; x_wconf 77' lang='lat' dir='ltr'><strong>Goth.</strong></span> <span class='ocrx_word' id='word_1_205' title='bbox 410 2372 469 2425; x_wconf 86' lang='grc'><strong>191.</strong></span> <span class='ocrx_word' id='word_1_206' title='bbox 487 2376 515 2442; x_wconf 75' lang='lat' dir='ltr'><strong>p.</strong></span> <span class='ocrx_word' id='word_1_207' title='bbox 528 2370 571 2425; x_wconf 62' lang='lat' dir='ltr'><strong>tte</strong></span> <span class='ocrx_word' id='word_1_208' title='bbox 585 2379 610 2423; x_wconf 84' lang='lat' dir='ltr'><strong>et</strong></span> <span class='ocrx_word' id='word_1_209' title='bbox 624 2370 685 2426; x_wconf 85' lang='lat' dir='ltr'><strong>cod.</strong></span> <span class='ocrx_word' id='word_1_210' title='bbox 700 2367 785 2422; x_wconf 82' lang='lat' dir='ltr'><strong>Goth.</strong></span> <span class='ocrx_word' id='word_1_211' title='bbox 798 2368 859 2421; x_wconf 82' lang='grc'><strong>101.</strong></span> <span class='ocrx_word' id='word_1_212' title='bbox 876 2388 903 2438; x_wconf 85' lang='lat' dir='ltr'><strong>p.</strong></span> <span class='ocrx_word' id='word_1_213' title='bbox 921 2369 962 2421; x_wconf 84' lang='lat'><strong>16.</strong></span> <span class='ocrx_word' id='word_1_214' title='bbox 1002 2405 1007 2411; x_wconf 80' lang='grc'><strong>.</strong></span> <span class='ocrx_word' id='word_1_215' title='bbox 1166 2330 1378 2402; x_wconf 82' lang='lat' dir='ltr'><strong>Reverendo</strong></span> <span class='ocrx_word' id='word_1_216' title='bbox 1396 2330 1500 2405; x_wconf 75' lang='lat' dir='ltr'><strong>Dona.</strong></span> <span class='ocrx_word' id='word_1_217' title='bbox 1517 2334 1672 2404; x_wconf 70' lang='lat' dir='ltr'><strong>Pastori*</strong></span> <span class='ocrx_word' id='word_1_218' title='bbox 1685 2334 1725 2429; x_wconf 87' lang='lat'><strong>⁷).</strong></span> 
     </span>
    </p>
   </div>
   <div class='ocr_carea' id='block_1_10' title="bbox 367 2534 2164 2642">
    <p class='ocr_par' dir='ltr' id='par_1_10' title="bbox 367 2534 2164 2642">
     <span class='ocr_line' id='line_1_20' title="bbox 367 2534 2164 2642; baseline -0.015 -26"><span class='ocrx_word' id='word_1_219' title='bbox 367 2537 580 2642; x_wconf 83' lang='lat' dir='ltr'><strong>Caspuro</strong></span> <span class='ocrx_word' id='word_1_220' title='bbox 606 2534 871 2636; x_wconf 80' lang='lat' dir='ltr'><strong>Crucigero.</strong></span> <span class='ocrx_word' id='word_1_221' title='bbox 1175 2564 2164 2592; x_wconf 69' lang='lat'><strong>-—-----—-·-—-—--—----..--...</strong></span> 
     </span>
    </p>
   </div>
   <div class='ocr_carea' id='block_1_11' title="bbox 52 2684 2161 3494">
    <p class='ocr_par' dir='ltr' id='par_1_11' title="bbox 119 2684 2161 2994">
     <span class='ocr_line' id='line_1_21' title="bbox 119 2684 2136 2807; baseline -0.01 -39"><span class='ocrx_word' id='word_1_222' title='bbox 119 2684 382 2780; x_wconf 78' lang='grc' dir='ltr'><strong><em>Ἐνδύσασθε,</em></strong></span> <span class='ocrx_word' id='word_1_223' title='bbox 406 2687 886 2790; x_wconf 53' lang='lat' dir='ltr'><strong>inquitPanlussonioiyynot</strong></span> <span class='ocrx_word' id='word_1_224' title='bbox 901 2693 1115 2783; x_wconf 74' lang='grc' dir='ltr'><strong>οἰκτιρμῶν.</strong></span> <span class='ocrx_word' id='word_1_225' title='bbox 1166 2707 1233 2781; x_wconf 57' lang='grc' dir='ltr'><strong>ΝΟ,</strong></span> <span class='ocrx_word' id='word_1_226' title='bbox 1250 2705 1361 2780; x_wconf 71' lang='lat'><strong>5652⁸</strong></span> <span class='ocrx_word' id='word_1_227' title='bbox 1764 2728 1796 2788; x_wconf 47' lang='lat'><strong>9·</strong></span> <span class='ocrx_word' id='word_1_228' title='bbox 1813 2704 2136 2807; x_wconf 51' lang='lat' dir='ltr'><strong>Deobsfflessaviae)</strong></span> 
     </span>
     <span class='ocr_line' id='line_1_22' title="bbox 124 2791 2161 2878; baseline -0.011 -6"><span class='ocrx_word' id='word_1_229' title='bbox 124 2801 204 2872; x_wconf 38' lang='lat' dir='ltr'><strong>Nee«</strong></span> <span class='ocrx_word' id='word_1_230' title='bbox 220 2822 304 2867; x_wconf 90' lang='lat' dir='ltr'><strong>vero</strong></span> <span class='ocrx_word' id='word_1_231' title='bbox 328 2798 471 2878; x_wconf 90' lang='lat' dir='ltr'><strong>dubito,</strong></span> <span class='ocrx_word' id='word_1_232' title='bbox 506 2811 540 2866; x_wconf 90' lang='lat' dir='ltr'><strong>te</strong></span> <span class='ocrx_word' id='word_1_233' title='bbox 563 2796 804 2864; x_wconf 88' lang='lat' dir='ltr'><strong>misericordia</strong></span> <span class='ocrx_word' id='word_1_234' title='bbox 828 2794 918 2862; x_wconf 86' lang='lat' dir='ltr'><strong>affici</strong></span> <span class='ocrx_word' id='word_1_235' title='bbox 943 2811 976 2861; x_wconf 89' lang='lat' dir='ltr'><strong>et</strong></span> <span class='ocrx_word' id='word_1_236' title='bbox 993 2791 1116 2861; x_wconf 88' lang='lat' dir='ltr'><strong>Eccle-</strong></span> <span class='ocrx_word' id='word_1_237' title='bbox 1173 2803 1344 2833; x_wconf 56' lang='grc' dir='ltr'>Μ</span> <span class='ocrx_word' id='word_1_238' title='bbox 1725 2814 2161 2862; x_wconf 50' lang='lat' dir='ltr'><strong>m</strong></span> 
     </span>
     <span class='ocr_line' id='line_1_23' title="bbox 126 2897 1830 2994; baseline -0.012 -21"><span class='ocrx_word' id='word_1_239' title='bbox 126 2903 197 2973; x_wconf 89' lang='lat' dir='ltr'><strong>siae</strong></span> <span class='ocrx_word' id='word_1_240' title='bbox 221 2914 255 2971; x_wconf 90' lang='lat' dir='ltr'><strong>et</strong></span> <span class='ocrx_word' id='word_1_241' title='bbox 279 2897 409 2968; x_wconf 88' lang='lat' dir='ltr'><strong>civium</strong></span> <span class='ocrx_word' id='word_1_242' title='bbox 434 2912 469 2966; x_wconf 90' lang='lat' dir='ltr'><strong>et</strong></span> <span class='ocrx_word' id='word_1_243' title='bbox 482 2898 696 2985; x_wconf 91' lang='lat' dir='ltr'><strong>collegarum</strong></span> <span class='ocrx_word' id='word_1_244' title='bbox 712 2908 936 2978; x_wconf 88' lang='lat' dir='ltr'><strong>nostrorum,</strong></span> <span class='ocrx_word' id='word_1_245' title='bbox 962 2917 1114 2986; x_wconf 91' lang='lat' dir='ltr'><strong>quorum</strong></span> <span class='ocrx_word' id='word_1_246' title='bbox 1496 2908 1588 2990; x_wconf 47' lang='lat' dir='ltr'><em>lac·</em></span> <span class='ocrx_word' id='word_1_247' title='bbox 1620 2908 1830 2994; x_wconf 44' lang='lat' dir='ltr'><strong>Maielli&amp;</strong></span> 
     </span>
    </p>

    <p class='ocr_par' dir='ltr' id='par_1_12' title="bbox 52 2994 1916 3494">
     <span class='ocr_line' id='line_1_24' title="bbox 125 2994 1117 3095; baseline -0.013 -21"><span class='ocrx_word' id='word_1_248' title='bbox 125 3015 257 3095; x_wconf 81' lang='lat' dir='ltr'><strong>egestas</strong></span> <span class='ocrx_word' id='word_1_249' title='bbox 278 3001 447 3070; x_wconf 88' lang='lat' dir='ltr'><strong>comtibi</strong></span> <span class='ocrx_word' id='word_1_250' title='bbox 475 3015 557 3070; x_wconf 93' lang='lat' dir='ltr'><strong>nota</strong></span> <span class='ocrx_word' id='word_1_251' title='bbox 583 2999 645 3080; x_wconf 87' lang='lat' dir='ltr'><strong>sit,</strong></span> <span class='ocrx_word' id='word_1_252' title='bbox 676 2997 850 3066; x_wconf 92' lang='lat' dir='ltr'><strong>leniamus</strong></span> <span class='ocrx_word' id='word_1_253' title='bbox 873 2994 923 3063; x_wconf 92' lang='lat' dir='ltr'><strong>eis</strong></span> <span class='ocrx_word' id='word_1_254' title='bbox 947 2995 1117 3076; x_wconf 87' lang='lat' dir='ltr'><strong>miserias,</strong></span> 
     </span>
     <span class='ocr_line' id='line_1_25' title="bbox 52 3096 1114 3199; baseline -0.013 -24"><span class='ocrx_word' id='word_1_255' title='bbox 52 3118 57 3125; x_wconf 87' lang='lat'><em>&#39;</em></span> <span class='ocrx_word' id='word_1_256' title='bbox 126 3116 299 3199; x_wconf 90' lang='lat' dir='ltr'><strong>quantum</strong></span> <span class='ocrx_word' id='word_1_257' title='bbox 323 3125 520 3194; x_wconf 91' lang='lat' dir='ltr'><strong>possumus.</strong></span> <span class='ocrx_word' id='word_1_258' title='bbox 584 3097 735 3168; x_wconf 90' lang='lat' dir='ltr'><strong>Curabis</strong></span> <span class='ocrx_word' id='word_1_259' title='bbox 757 3099 886 3185; x_wconf 91' lang='lat' dir='ltr'><strong>igitur,</strong></span> <span class='ocrx_word' id='word_1_260' title='bbox 919 3121 1001 3164; x_wconf 90' lang='lat' dir='ltr'><strong>mox</strong></span> <span class='ocrx_word' id='word_1_261' title='bbox 1023 3096 1114 3164; x_wconf 93' lang='lat' dir='ltr'><strong>mitti</strong></span> 
     </span>
     <span class='ocr_line' id='line_1_26' title="bbox 123 3191 1916 3299; baseline -0.012 -23"><span class='ocrx_word' id='word_1_262' title='bbox 123 3206 322 3299; x_wconf 87' lang='lat' dir='ltr'><strong>pecuniam.</strong></span> <span class='ocrx_word' id='word_1_263' title='bbox 380 3201 524 3273; x_wconf 83' lang='lat' dir='ltr'><strong>Clavem</strong></span> <span class='ocrx_word' id='word_1_264' title='bbox 554 3197 666 3271; x_wconf 76' lang='lat' dir='ltr'><strong>Vitas</strong></span> <span class='ocrx_word' id='word_1_265' title='bbox 692 3199 821 3278; x_wconf 92' lang='lat' dir='ltr'><strong>mittit,</strong></span> <span class='ocrx_word' id='word_1_266' title='bbox 856 3212 890 3267; x_wconf 89' lang='lat' dir='ltr'><strong>et</strong></span> <span class='ocrx_word' id='word_1_267' title='bbox 911 3191 1034 3265; x_wconf 84' lang='lat' dir='ltr'><strong>Paulo</strong></span> <span class='ocrx_word' id='word_1_268' title='bbox 1057 3200 1117 3265; x_wconf 87' lang='lat' dir='ltr'><strong>dat</strong></span> <span class='ocrx_word' id='word_1_269' title='bbox 1407 3216 1463 3288; x_wconf 47' lang='lat' dir='ltr'><strong>D,</strong></span> <span class='ocrx_word' id='word_1_270' title='bbox 1488 3216 1662 3292; x_wconf 64' lang='lat' dir='ltr'><em>[mbo</em></span> <span class='ocrx_word' id='word_1_271' title='bbox 1689 3217 1916 3295; x_wconf 55' lang='lat' dir='ltr'><strong>Milichyo</strong></span> 
     </span>
     <span class='ocr_line' id='line_1_27' title="bbox 125 3295 1118 3390; baseline -0.012 -12"><span class='ocrx_word' id='word_1_272' title='bbox 125 3310 301 3378; x_wconf 88' lang='lat' dir='ltr'><strong>mandata.</strong></span> <span class='ocrx_word' id='word_1_273' title='bbox 352 3303 393 3374; x_wconf 87' lang='lat' dir='ltr'><strong>si</strong></span> <span class='ocrx_word' id='word_1_274' title='bbox 418 3304 494 3373; x_wconf 80' lang='lat' dir='ltr'><strong>riae</strong></span> <span class='ocrx_word' id='word_1_275' title='bbox 512 3306 672 3372; x_wconf 92' lang='lat' dir='ltr'><strong>nondum</strong></span> <span class='ocrx_word' id='word_1_276' title='bbox 689 3314 875 3390; x_wconf 86' lang='lat' dir='ltr'><strong>occupatae</strong></span> <span class='ocrx_word' id='word_1_277' title='bbox 892 3314 974 3368; x_wconf 90' lang='lat' dir='ltr'><strong>sunt</strong></span> <span class='ocrx_word' id='word_1_278' title='bbox 991 3302 1035 3366; x_wconf 88' lang='lat' dir='ltr'><strong>ab</strong></span> <span class='ocrx_word' id='word_1_279' title='bbox 1052 3295 1118 3366; x_wconf 92' lang='lat' dir='ltr'><strong>bo-</strong></span> 
     </span>
     <span class='ocr_line' id='line_1_28' title="bbox 125 3400 1129 3494; baseline -0.012 -14"><span class='ocrx_word' id='word_1_280' title='bbox 125 3413 256 3494; x_wconf 80' lang='lat' dir='ltr'><strong>stibus,</strong></span> <span class='ocrx_word' id='word_1_281' title='bbox 282 3407 434 3476; x_wconf 87' lang='lat' dir='ltr'><strong>arbitror</strong></span> <span class='ocrx_word' id='word_1_282' title='bbox 455 3431 536 3474; x_wconf 83' lang='lat' dir='ltr'><strong>mox</strong></span> <span class='ocrx_word' id='word_1_283' title='bbox 564 3429 664 3492; x_wconf 79' lang='lat' dir='ltr'><strong>posse</strong></span> <span class='ocrx_word' id='word_1_284' title='bbox 686 3403 792 3471; x_wconf 88' lang='lat' dir='ltr'><strong>mitti.</strong></span> <span class='ocrx_word' id='word_1_285' title='bbox 853 3402 923 3472; x_wconf 89' lang='lat' dir='ltr'><strong>Sed</strong></span> <span class='ocrx_word' id='word_1_286' title='bbox 947 3400 1074 3469; x_wconf 85' lang='lat' dir='ltr'><strong>vellem</strong></span> <span class='ocrx_word' id='word_1_287' title='bbox 1097 3426 1129 3468; x_wconf 81' lang='lat' dir='ltr'><strong>a·</strong></span> 
     </span>
    </p>
   </div>
   <div class='ocr_carea' id='block_1_12' title="bbox 126 3497 1117 3605">
    <p class='ocr_par' dir='ltr' id='par_1_13' title="bbox 126 3497 1117 3605">
     <span class='ocr_line' id='line_1_29' title="bbox 126 3497 1117 3605; baseline -0.013 -23"><span class='ocrx_word' id='word_1_288' title='bbox 126 3524 312 3605; x_wconf 87' lang='lat' dir='ltr'><strong>quaestore</strong></span> <span class='ocrx_word' id='word_1_289' title='bbox 326 3525 447 3576; x_wconf 91' lang='lat' dir='ltr'><strong>nostro</strong></span> <span class='ocrx_word' id='word_1_290' title='bbox 462 3504 489 3588; x_wconf 66' lang='lat' dir='ltr'><strong>l</strong></span> <span class='ocrx_word' id='word_1_291' title='bbox 504 3500 677 3573; x_wconf 79' lang='lat' dir='ltr'><strong>Iohanne</strong></span> <span class='ocrx_word' id='word_1_292' title='bbox 688 3497 838 3582; x_wconf 82' lang='lat' dir='ltr'><strong>Rhoo&#39;&#39;,</strong></span> <span class='ocrx_word' id='word_1_293' title='bbox 866 3516 988 3572; x_wconf 89' lang='lat' dir='ltr'><strong>notum</strong></span> <span class='ocrx_word' id='word_1_294' title='bbox 1007 3517 1041 3571; x_wconf 90' lang='lat' dir='ltr'><strong>ct</strong></span> <span class='ocrx_word' id='word_1_295' title='bbox 1057 3525 1117 3570; x_wconf 87' lang='lat' dir='ltr'><strong>ex-</strong></span> 
     </span>
    </p>
   </div>
   <div class='ocr_carea' id='block_1_13' title="bbox 110 3572 2220 3801">
    <p class='ocr_par' dir='ltr' id='par_1_14' title="bbox 110 3572 2220 3801">
     <span class='ocr_line' id='line_1_30' title="bbox 126 3572 2159 3702; baseline -0.001 -48"><span class='ocrx_word' id='word_1_296' title='bbox 126 3615 284 3702; x_wconf 55' lang='lat' dir='ltr'>ploratae</span> <span class='ocrx_word' id='word_1_297' title='bbox 300 3608 381 3675; x_wconf 61' lang='lat' dir='ltr'>fidei</span> <span class='ocrx_word' id='word_1_298' title='bbox 398 3605 587 3676; x_wconf 58' lang='lat' dir='ltr'>hominum</span> <span class='ocrx_word' id='word_1_299' title='bbox 601 3602 656 3674; x_wconf 63' lang='lat' dir='ltr'><strong>his</strong></span> <span class='ocrx_word' id='word_1_300' title='bbox 671 3604 863 3674; x_wconf 53' lang='lat' dir='ltr'><strong>tabellariis</strong></span> <span class='ocrx_word' id='word_1_301' title='bbox 880 3604 964 3672; x_wconf 60' lang='lat' dir='ltr'><strong>,ddi</strong></span> <span class='ocrx_word' id='word_1_302' title='bbox 978 3599 1017 3697; x_wconf 44' lang='grc' dir='ltr'><strong>ι).</strong></span> <span class='ocrx_word' id='word_1_303' title='bbox 1168 3593 1251 3639; x_wconf 90' lang='lat' dir='ltr'><strong>cura</strong></span> <span class='ocrx_word' id='word_1_304' title='bbox 1262 3583 1340 3652; x_wconf 80' lang='lat' dir='ltr'><strong>tuae</strong></span> <span class='ocrx_word' id='word_1_305' title='bbox 1356 3572 1620 3656; x_wconf 86' lang='lat' dir='ltr'><strong>incolumitatis,</strong></span> <span class='ocrx_word' id='word_1_306' title='bbox 1638 3597 1743 3665; x_wconf 92' lang='lat' dir='ltr'><strong>quam</strong></span> <span class='ocrx_word' id='word_1_307' title='bbox 1755 3598 1863 3648; x_wconf 91' lang='lat' dir='ltr'><strong>meae.</strong></span> <span class='ocrx_word' id='word_1_308' title='bbox 1890 3574 1962 3646; x_wconf 91' lang='lat' dir='ltr'><strong>Nec</strong></span> <span class='ocrx_word' id='word_1_309' title='bbox 1974 3603 2036 3648; x_wconf 91' lang='lat' dir='ltr'><strong>vos</strong></span> <span class='ocrx_word' id='word_1_310' title='bbox 2047 3582 2159 3652; x_wconf 91' lang='lat' dir='ltr'><strong>multo</strong></span> 
     </span>
     <span class='ocr_line' id='line_1_31' title="bbox 110 3666 2220 3801; baseline -0.003 -45"><span class='ocrx_word' id='word_1_311' title='bbox 110 3731 114 3745; x_wconf 53' lang='grc' dir='ltr'>ι</span> <span class='ocrx_word' id='word_1_312' title='bbox 203 3703 734 3801; x_wconf 52' lang='lat' dir='ltr'>scriptumffipsicum²)vidi&#39;</span> <span class='ocrx_word' id='word_1_313' title='bbox 759 3700 962 3799; x_wconf 49' lang='lat' dir='ltr'><strong>quodam</strong></span> <span class='ocrx_word' id='word_1_314' title='bbox 979 3708 1117 3796; x_wconf 61' lang='grc' dir='ltr'><strong>σχληρα</strong></span> <span class='ocrx_word' id='word_1_315' title='bbox 1168 3685 1249 3740; x_wconf 88' lang='lat' dir='ltr'><strong>ante</strong></span> <span class='ocrx_word' id='word_1_316' title='bbox 1270 3666 1365 3740; x_wconf 91' lang='lat' dir='ltr'><strong>hunc</strong></span> <span class='ocrx_word' id='word_1_317' title='bbox 1379 3695 1536 3740; x_wconf 89' lang='lat' dir='ltr'><strong>mensem</strong></span> <span class='ocrx_word' id='word_1_318' title='bbox 1552 3675 1726 3742; x_wconf 88' lang='lat' dir='ltr'><strong>abducere</strong></span> <span class='ocrx_word' id='word_1_319' title='bbox 1741 3676 1844 3744; x_wconf 92' lang='lat' dir='ltr'><strong>istinc</strong></span> <span class='ocrx_word' id='word_1_320' title='bbox 1861 3678 2012 3747; x_wconf 86' lang='lat' dir='ltr'><strong>familias</strong></span> <span class='ocrx_word' id='word_1_321' title='bbox 2029 3701 2160 3755; x_wconf 84' lang='lat' dir='ltr'><strong>vestras</strong></span> <span class='ocrx_word' id='word_1_322' title='bbox 2216 3763 2220 3774; x_wconf 36' lang='grc' dir='ltr'><strong><em>Ι</em></strong></span> 
     </span>
    </p>
   </div>
   <div class='ocr_carea' id='block_1_14' title="bbox 124 3773 2159 3909">
    <p class='ocr_par' dir='ltr' id='par_1_15' title="bbox 124 3773 2159 3909">
     <span class='ocr_line' id='line_1_32' title="bbox 124 3773 2159 3909; baseline -0.007 -50"><span class='ocrx_word' id='word_1_323' title='bbox 124 3807 377 3909; x_wconf 44' lang='grc' dir='ltr'><strong>μαλθαχῶμ)</strong></span> <span class='ocrx_word' id='word_1_324' title='bbox 399 3806 512 3907; x_wconf 54' lang='lat'><strong>2575„</strong></span> <span class='ocrx_word' id='word_1_325' title='bbox 542 3820 579 3876; x_wconf 60' lang='lat' dir='ltr'><strong>ut</strong></span> <span class='ocrx_word' id='word_1_326' title='bbox 601 3808 661 3876; x_wconf 67' lang='lat' dir='ltr'><strong>ipe</strong></span> <span class='ocrx_word' id='word_1_327' title='bbox 678 3808 717 3875; x_wconf 67' lang='lat'><strong>31,</strong></span> <span class='ocrx_word' id='word_1_328' title='bbox 733 3805 931 3896; x_wconf 62' lang='lat' dir='ltr'><strong>Tragoedia</strong></span> <span class='ocrx_word' id='word_1_329' title='bbox 948 3807 1064 3898; x_wconf 62' lang='lat' dir='ltr'><strong>inqui,</strong></span> <span class='ocrx_word' id='word_1_330' title='bbox 1079 3803 1118 3899; x_wconf 39' lang='grc' dir='ltr'><strong>ε),</strong></span> <span class='ocrx_word' id='word_1_331' title='bbox 1168 3773 1386 3863; x_wconf 92' lang='lat' dir='ltr'><strong>potuissetis,</strong></span> <span class='ocrx_word' id='word_1_332' title='bbox 1409 3797 1523 3866; x_wconf 89' lang='lat' dir='ltr'><strong>neque</strong></span> <span class='ocrx_word' id='word_1_333' title='bbox 1539 3797 1603 3862; x_wconf 89' lang='lat' dir='ltr'><strong>ego</strong></span> <span class='ocrx_word' id='word_1_334' title='bbox 1620 3775 1709 3845; x_wconf 88' lang='lat' dir='ltr'><strong>istuc</strong></span> <span class='ocrx_word' id='word_1_335' title='bbox 1724 3780 1886 3849; x_wconf 87' lang='lat' dir='ltr'><strong>accedere</strong></span> <span class='ocrx_word' id='word_1_336' title='bbox 1905 3781 2017 3868; x_wconf 81' lang='lat' dir='ltr'><strong>potui.</strong></span> <span class='ocrx_word' id='word_1_337' title='bbox 2055 3782 2159 3854; x_wconf 82' lang='lat' dir='ltr'><strong>Nunc</strong></span> 
     </span>
    </p>
   </div>
   <div class='ocr_carea' id='block_1_15' title="bbox 124 3870 2161 4004">
    <p class='ocr_par' dir='ltr' id='par_1_16' title="bbox 124 3870 2161 4004">
     <span class='ocr_line' id='line_1_33' title="bbox 124 3870 2161 4004; baseline 0.003 -55"><span class='ocrx_word' id='word_1_338' title='bbox 124 3917 208 3988; x_wconf 69' lang='lat' dir='ltr'><strong>Non</strong></span> <span class='ocrx_word' id='word_1_339' title='bbox 225 3914 333 3983; x_wconf 56' lang='lat' dir='ltr'>armis</span> <span class='ocrx_word' id='word_1_340' title='bbox 350 3926 505 3993; x_wconf 50' lang='lat' dir='ltr'><strong>tamum,</strong></span> <span class='ocrx_word' id='word_1_341' title='bbox 531 3911 591 3979; x_wconf 61' lang='lat' dir='ltr'><strong>sed</strong></span> <span class='ocrx_word' id='word_1_342' title='bbox 609 3912 705 4004; x_wconf 70' lang='lat' dir='ltr'>quod</span> <span class='ocrx_word' id='word_1_343' title='bbox 726 3909 861 3979; x_wconf 49' lang='lat' dir='ltr'>tristius</span> <span class='ocrx_word' id='word_1_344' title='bbox 877 3922 945 3992; x_wconf 48' lang='lat' dir='ltr'><strong>est,</strong></span> <span class='ocrx_word' id='word_1_345' title='bbox 971 3904 1117 4002; x_wconf 50' lang='grc' dir='ltr'><em>προφά,</em></span> <span class='ocrx_word' id='word_1_346' title='bbox 1168 3870 1372 3947; x_wconf 74' lang='lat' dir='ltr'><strong>Servesiam</strong></span> <span class='ocrx_word' id='word_1_347' title='bbox 1397 3878 1546 3959; x_wconf 89' lang='lat' dir='ltr'><strong>accedo,</strong></span> <span class='ocrx_word' id='word_1_348' title='bbox 1572 3878 1668 3968; x_wconf 92' lang='lat' dir='ltr'><strong>quod</strong></span> <span class='ocrx_word' id='word_1_349' title='bbox 1691 3877 1844 3947; x_wconf 81' lang='lat' dir='ltr'><strong>faustum</strong></span> <span class='ocrx_word' id='word_1_350' title='bbox 1867 3903 1907 3948; x_wconf 91' lang='lat' dir='ltr'><strong>ac</strong></span> <span class='ocrx_word' id='word_1_351' title='bbox 1926 3880 2009 3949; x_wconf 83' lang='lat' dir='ltr'><strong>felix</strong></span> <span class='ocrx_word' id='word_1_352' title='bbox 2033 3883 2094 3969; x_wconf 92' lang='lat' dir='ltr'><strong>sit,</strong></span> <span class='ocrx_word' id='word_1_353' title='bbox 2120 3899 2161 3956; x_wconf 91' lang='lat' dir='ltr'><strong>ut</strong></span> 
     </span>
    </p>
   </div>
   <div class='ocr_carea' id='block_1_16' title="bbox 102 4009 1121 4819">
    <p class='ocr_par' dir='ltr' id='par_1_17' title="bbox 102 4009 1121 4819">
     <span class='ocr_line' id='line_1_34' title="bbox 127 4009 1119 4110; baseline -0.014 -19"><span class='ocrx_word' id='word_1_354' title='bbox 127 4041 180 4091; x_wconf 85' lang='grc' dir='ltr'><strong>σει</strong></span> <span class='ocrx_word' id='word_1_355' title='bbox 192 4021 257 4108; x_wconf 79' lang='grc' dir='ltr'><strong>τῆς</strong></span> <span class='ocrx_word' id='word_1_356' title='bbox 275 4009 523 4110; x_wconf 75' lang='grc' dir='ltr'><strong>δικαιολογίας</strong></span> <span class='ocrx_word' id='word_1_357' title='bbox 540 4035 799 4103; x_wconf 86' lang='lat' dir='ltr'><strong>oppugnamur.</strong></span> <span class='ocrx_word' id='word_1_358' title='bbox 850 4010 923 4080; x_wconf 86' lang='lat' dir='ltr'><strong>Nos</strong></span> <span class='ocrx_word' id='word_1_359' title='bbox 937 4011 1119 4098; x_wconf 79' lang='lat' dir='ltr'><strong>coniugia-</strong></span> 
     </span>
     <span class='ocr_line' id='line_1_35' title="bbox 126 4111 1119 4204; baseline -0.01 -14"><span class='ocrx_word' id='word_1_360' title='bbox 126 4143 206 4189; x_wconf 91' lang='lat' dir='ltr'><strong>mus</strong></span> <span class='ocrx_word' id='word_1_361' title='bbox 237 4121 278 4185; x_wconf 91' lang='lat' dir='ltr'><strong>ad</strong></span> <span class='ocrx_word' id='word_1_362' title='bbox 305 4116 568 4184; x_wconf 89' lang='lat' dir='ltr'><strong>invocationem</strong></span> <span class='ocrx_word' id='word_1_363' title='bbox 591 4113 677 4198; x_wconf 92' lang='lat' dir='ltr'><strong>Dei,</strong></span> <span class='ocrx_word' id='word_1_364' title='bbox 709 4128 749 4182; x_wconf 92' lang='lat' dir='ltr'><strong>nt</strong></span> <span class='ocrx_word' id='word_1_365' title='bbox 773 4112 810 4180; x_wconf 92' lang='lat' dir='ltr'><strong>in</strong></span> <span class='ocrx_word' id='word_1_366' title='bbox 835 4111 975 4182; x_wconf 89' lang='lat' dir='ltr'><strong>Psalmo</strong></span> <span class='ocrx_word' id='word_1_367' title='bbox 1002 4113 1119 4204; x_wconf 91' lang='lat' dir='ltr'><strong>inquit</strong></span> 
     </span>
     <span class='ocr_line' id='line_1_36' title="bbox 126 4212 635 4310; baseline -0.022 -17"><span class='ocrx_word' id='word_1_368' title='bbox 126 4220 261 4293; x_wconf 87' lang='lat' dir='ltr'><strong>David:</strong></span> <span class='ocrx_word' id='word_1_369' title='bbox 288 4241 352 4310; x_wconf 77' lang='lat' dir='ltr'><strong>ego</strong></span> <span class='ocrx_word' id='word_1_370' title='bbox 371 4241 450 4284; x_wconf 79' lang='lat' dir='ltr'><strong>cero</strong></span> <span class='ocrx_word' id='word_1_371' title='bbox 469 4212 635 4283; x_wconf 83' lang='lat' dir='ltr'><strong>orabam.</strong></span> 
     </span>
     <span class='ocr_line' id='line_1_37' title="bbox 203 4309 1120 4404; baseline -0.009 -15"><span class='ocrx_word' id='word_1_372' title='bbox 203 4317 230 4389; x_wconf 91' lang='lat' dir='ltr'><em>I</em></span> <span class='ocrx_word' id='word_1_373' title='bbox 230 4317 330 4389; x_wconf 83' lang='lat' dir='ltr'><strong>ulios</strong></span> <span class='ocrx_word' id='word_1_374' title='bbox 349 4319 499 4386; x_wconf 84' lang='lat' dir='ltr'><strong>alterurn</strong></span> <span class='ocrx_word' id='word_1_375' title='bbox 513 4341 554 4383; x_wconf 86' lang='lat' dir='ltr'><strong>ex</strong></span> <span class='ocrx_word' id='word_1_376' title='bbox 571 4316 769 4404; x_wconf 88' lang='lat' dir='ltr'><strong>pastoribus</strong></span> <span class='ocrx_word' id='word_1_377' title='bbox 783 4311 959 4385; x_wconf 84' lang='lat' dir='ltr'><strong>Ecclesiae</strong></span> <span class='ocrx_word' id='word_1_378' title='bbox 971 4309 1120 4386; x_wconf 84' lang='lat' dir='ltr'><strong>Naum-</strong></span> 
     </span>
     <span class='ocr_line' id='line_1_38' title="bbox 102 4416 1119 4518; baseline -0.01 -23"><span class='ocrx_word' id='word_1_379' title='bbox 102 4510 105 4515; x_wconf 23' lang='lat'>·</span> <span class='ocrx_word' id='word_1_380' title='bbox 127 4420 321 4518; x_wconf 80' lang='lat' dir='ltr'><strong>burgensis</strong></span> <span class='ocrx_word' id='word_1_381' title='bbox 332 4419 447 4489; x_wconf 83' lang='lat' dir='ltr'><strong>statim</strong></span> <span class='ocrx_word' id='word_1_382' title='bbox 463 4416 576 4505; x_wconf 79' lang='lat' dir='ltr'><strong>coe&#39;git</strong></span> <span class='ocrx_word' id='word_1_383' title='bbox 589 4416 751 4484; x_wconf 85' lang='lat' dir='ltr'><strong>abdicare</strong></span> <span class='ocrx_word' id='word_1_384' title='bbox 764 4416 996 4500; x_wconf 84' lang='lat' dir='ltr'><strong>functionem,</strong></span> <span class='ocrx_word' id='word_1_385' title='bbox 1014 4442 1119 4510; x_wconf 87' lang='lat' dir='ltr'><strong>qnam</strong></span> 
     </span>
     <span class='ocr_line' id='line_1_39' title="bbox 127 4517 1119 4601; baseline -0.015 -3"><span class='ocrx_word' id='word_1_386' title='bbox 127 4527 229 4600; x_wconf 89' lang='lat' dir='ltr'><strong>alteri</strong></span> <span class='ocrx_word' id='word_1_387' title='bbox 263 4525 407 4592; x_wconf 91' lang='lat' dir='ltr'><strong>indocto</strong></span> <span class='ocrx_word' id='word_1_388' title='bbox 418 4517 641 4601; x_wconf 62' lang='lat' dir='ltr'><strong>mandavit,</strong></span> <span class='ocrx_word' id='word_1_389' title='bbox 676 4517 776 4586; x_wconf 90' lang='lat' dir='ltr'><strong>cuius</strong></span> <span class='ocrx_word' id='word_1_390' title='bbox 805 4518 1010 4585; x_wconf 90' lang='lat' dir='ltr'><strong>concionem</strong></span> <span class='ocrx_word' id='word_1_391' title='bbox 1040 4542 1119 4586; x_wconf 89' lang='lat' dir='ltr'><strong>cum</strong></span> 
     </span>
     <span class='ocr_line' id='line_1_40' title="bbox 126 4618 1120 4717; baseline -0.015 -17"><span class='ocrx_word' id='word_1_392' title='bbox 126 4629 295 4700; x_wconf 88' lang='lat' dir='ltr'><strong>audiisset</strong></span> <span class='ocrx_word' id='word_1_393' title='bbox 325 4624 497 4717; x_wconf 89' lang='lat' dir='ltr'><strong>populus,</strong></span> <span class='ocrx_word' id='word_1_394' title='bbox 534 4621 688 4689; x_wconf 80' lang='lat' dir='ltr'><strong>fremens</strong></span> <span class='ocrx_word' id='word_1_395' title='bbox 716 4619 891 4703; x_wconf 90' lang='lat' dir='ltr'><strong>discessit,</strong></span> <span class='ocrx_word' id='word_1_396' title='bbox 922 4618 1120 4710; x_wconf 88' lang='lat' dir='ltr'><strong>improbata</strong></span> 
     </span>
     <span class='ocr_line' id='line_1_41' title="bbox 126 4717 1121 4819; baseline -0.013 -18"><span class='ocrx_word' id='word_1_397' title='bbox 126 4722 294 4801; x_wconf 81' lang='lat' dir='ltr'><strong>vanitate.</strong></span> <span class='ocrx_word' id='word_1_398' title='bbox 368 4717 530 4819; x_wconf 88' lang='lat' dir='ltr'><strong>†Mitto</strong></span> <span class='ocrx_word' id='word_1_399' title='bbox 558 4721 732 4812; x_wconf 88' lang='lat' dir='ltr'><strong>pagellam</strong></span> <span class='ocrx_word' id='word_1_400' title='bbox 764 4722 964 4790; x_wconf 85' lang='lat' dir='ltr'><strong>addendam</strong></span> <span class='ocrx_word' id='word_1_401' title='bbox 990 4722 1121 4812; x_wconf 91' lang='lat' dir='ltr'><strong>scripto</strong></span> 
     </span>
    </p>
   </div>
   <div class='ocr_carea' id='block_1_17' title="bbox 1236 3059 1956 3138">
    <p class='ocr_par' dir='ltr' id='par_1_18' title="bbox 1236 3059 1956 3138">
     <span class='ocr_line' id='line_1_42' title="bbox 1236 3059 1956 3138; baseline 0.014 -25"><span class='ocrx_word' id='word_1_402' title='bbox 1236 3059 1320 3131; x_wconf 83' lang='lat' dir='ltr'><strong>Epist.</strong></span> <span class='ocrx_word' id='word_1_403' title='bbox 1339 3061 1386 3116; x_wconf 86' lang='lat' dir='ltr'><strong>lib.</strong></span> <span class='ocrx_word' id='word_1_404' title='bbox 1399 3060 1434 3115; x_wconf 91' lang='lat' dir='ltr'><strong>ll.</strong></span> <span class='ocrx_word' id='word_1_405' title='bbox 1453 3081 1478 3129; x_wconf 91' lang='lat' dir='ltr'><strong>p.</strong></span> <span class='ocrx_word' id='word_1_406' title='bbox 1492 3060 1552 3116; x_wconf 79' lang='grc'><strong>440.</strong></span> <span class='ocrx_word' id='word_1_407' title='bbox 1573 3063 1646 3131; x_wconf 83' lang='lat' dir='ltr'><strong>(edit.</strong></span> <span class='ocrx_word' id='word_1_408' title='bbox 1663 3063 1751 3118; x_wconf 78' lang='lat' dir='ltr'><strong>Lond.</strong></span> <span class='ocrx_word' id='word_1_409' title='bbox 1765 3066 1798 3120; x_wconf 95' lang='lat' dir='ltr'><strong>ll.</strong></span> <span class='ocrx_word' id='word_1_410' title='bbox 1817 3085 1859 3138; x_wconf 83' lang='lat' dir='ltr'><strong>ep.</strong></span> <span class='ocrx_word' id='word_1_411' title='bbox 1870 3066 1956 3135; x_wconf 70' lang='lat'><strong>462).</strong></span> 
     </span>
    </p>
   </div>
   <div class='ocr_carea' id='block_1_18' title="bbox 1167 3347 2207 3564">
    <p class='ocr_par' dir='ltr' id='par_1_19' title="bbox 1167 3347 2207 3564">
     <span class='ocr_line' id='line_1_43' title="bbox 1167 3347 2161 3471; baseline 0.013 -34"><span class='ocrx_word' id='word_1_412' title='bbox 1167 3347 1213 3437; x_wconf 83' lang='lat' dir='ltr'><strong>S.</strong></span> <span class='ocrx_word' id='word_1_413' title='bbox 1236 3363 1280 3438; x_wconf 90' lang='grc' dir='ltr'><strong>Ι).</strong></span> <span class='ocrx_word' id='word_1_414' title='bbox 1325 3364 1441 3440; x_wconf 72' lang='lat' dir='ltr'><strong>’Orroei</strong></span> <span class='ocrx_word' id='word_1_415' title='bbox 1453 3364 1508 3448; x_wconf 80' lang='lat' dir='ltr'><strong>ric</strong></span> <span class='ocrx_word' id='word_1_416' title='bbox 1522 3366 1636 3468; x_wconf 71' lang='grc' dir='ltr'><em>ἀλγεῖ,</em></span> <span class='ocrx_word' id='word_1_417' title='bbox 1662 3368 1736 3441; x_wconf 79' lang='grc' dir='ltr'><strong>ἐκεῖ</strong></span> <span class='ocrx_word' id='word_1_418' title='bbox 1749 3367 1817 3444; x_wconf 81' lang='grc' dir='ltr'><strong>τὸν</strong></span> <span class='ocrx_word' id='word_1_419' title='bbox 1831 3378 1927 3445; x_wconf 76' lang='grc' dir='ltr'><em>νοῦν</em></span> <span class='ocrx_word' id='word_1_420' title='bbox 1940 3371 2021 3467; x_wconf 77' lang='grc' dir='ltr'><strong>ἔχει.</strong></span> <span class='ocrx_word' id='word_1_421' title='bbox 2050 3376 2161 3471; x_wconf 91' lang='lat' dir='ltr'><strong>Saepe</strong></span> 
     </span>
     <span class='ocr_line' id='line_1_44' title="bbox 1168 3469 2207 3564; baseline 0.013 -28"><span class='ocrx_word' id='word_1_422' title='bbox 1168 3469 1277 3558; x_wconf 88' lang='lat' dir='ltr'><strong>igitur</strong></span> <span class='ocrx_word' id='word_1_423' title='bbox 1291 3470 1335 3536; x_wconf 91' lang='lat' dir='ltr'><strong>de</strong></span> <span class='ocrx_word' id='word_1_424' title='bbox 1350 3483 1383 3538; x_wconf 90' lang='lat' dir='ltr'><strong>te</strong></span> <span class='ocrx_word' id='word_1_425' title='bbox 1400 3472 1525 3557; x_wconf 88' lang='lat' dir='ltr'><strong>cogito.</strong></span> <span class='ocrx_word' id='word_1_426' title='bbox 1577 3470 1666 3539; x_wconf 84' lang='lat' dir='ltr'><strong>Nam</strong></span> <span class='ocrx_word' id='word_1_427' title='bbox 1683 3473 1839 3562; x_wconf 83' lang='lat' dir='ltr'><strong>profecto</strong></span> <span class='ocrx_word' id='word_1_428' title='bbox 1855 3477 1965 3564; x_wconf 88' lang='lat' dir='ltr'><strong>magis</strong></span> <span class='ocrx_word' id='word_1_429' title='bbox 1981 3483 2162 3551; x_wconf 85' lang='lat' dir='ltr'><strong>excrucior</strong></span> <span class='ocrx_word' id='word_1_430' title='bbox 2198 3471 2207 3476; x_wconf 54' lang='grc'><strong><em>’</em></strong></span> 
     </span>
    </p>
   </div>
   <div class='ocr_carea' id='block_1_19' title="bbox 132 3972 2162 4982">
    <p class='ocr_par' dir='ltr' id='par_1_20' title="bbox 132 3972 2162 4982">
     <span class='ocr_line' id='line_1_45' title="bbox 1174 3972 2159 4078; baseline 0.008 -31"><span class='ocrx_word' id='word_1_431' title='bbox 1174 3972 1263 4047; x_wconf 82' lang='lat' dir='ltr'><strong>Vilo</strong></span> <span class='ocrx_word' id='word_1_432' title='bbox 1297 3977 1430 4066; x_wconf 89' lang='lat' dir='ltr'><strong>scripsi.</strong></span> <span class='ocrx_word' id='word_1_433' title='bbox 1494 3973 1549 4044; x_wconf 86' lang='lat' dir='ltr'><strong>De</strong></span> <span class='ocrx_word' id='word_1_434' title='bbox 1575 3972 1845 4071; x_wconf 81' lang='lat' dir='ltr'><strong>Noribsrgensi</strong></span> <span class='ocrx_word' id='word_1_435' title='bbox 1874 3981 2035 4069; x_wconf 90' lang='lat' dir='ltr'><strong>negotio,</strong></span> <span class='ocrx_word' id='word_1_436' title='bbox 2073 3987 2159 4078; x_wconf 86' lang='lat' dir='ltr'><strong>quid</strong></span> 
     </span>
     <span class='ocr_line' id='line_1_46' title="bbox 1168 4075 2160 4179; baseline 0.009 -32"><span class='ocrx_word' id='word_1_437' title='bbox 1168 4079 1389 4167; x_wconf 90' lang='lat' dir='ltr'><strong>responderit</strong></span> <span class='ocrx_word' id='word_1_438' title='bbox 1410 4075 1677 4170; x_wconf 83' lang='lat' dir='ltr'><strong>Hieronymus,</strong></span> <span class='ocrx_word' id='word_1_439' title='bbox 1704 4076 1899 4150; x_wconf 64' lang='lat' dir='ltr'><strong>&#39;ostendent</strong></span> <span class='ocrx_word' id='word_1_440' title='bbox 1929 4084 2051 4154; x_wconf 88' lang='lat' dir='ltr'><strong>literae</strong></span> <span class='ocrx_word' id='word_1_441' title='bbox 2073 4111 2160 4179; x_wconf 88' lang='lat' dir='ltr'><strong>quas</strong></span> 
     </span>
     <span class='ocr_line' id='line_1_47' title="bbox 1169 4175 2161 4275; baseline 0.01 -28"><span class='ocrx_word' id='word_1_442' title='bbox 1169 4181 1297 4249; x_wconf 89' lang='lat' dir='ltr'><strong>inclusi</strong></span> <span class='ocrx_word' id='word_1_443' title='bbox 1321 4176 1404 4250; x_wconf 89' lang='lat' dir='ltr'><strong>huic</strong></span> <span class='ocrx_word' id='word_1_444' title='bbox 1425 4176 1618 4270; x_wconf 81' lang='lat' dir='ltr'><strong>Epistulae.</strong></span> <span class='ocrx_word' id='word_1_445' title='bbox 1670 4179 1740 4250; x_wconf 86' lang='lat' dir='ltr'><strong>Sed</strong></span> <span class='ocrx_word' id='word_1_446' title='bbox 1763 4175 1809 4254; x_wconf 91' lang='lat' dir='ltr'><em>V</em></span> <span class='ocrx_word' id='word_1_447' title='bbox 1805 4178 1879 4253; x_wconf 83' lang='lat' dir='ltr'><strong>ilus</strong></span> <span class='ocrx_word' id='word_1_448' title='bbox 1903 4182 1976 4275; x_wconf 93' lang='lat' dir='ltr'><strong>ipse</strong></span> <span class='ocrx_word' id='word_1_449' title='bbox 2001 4187 2161 4271; x_wconf 83' lang='lat' dir='ltr'><strong>affirmat,</strong></span> 
     </span>
     <span class='ocr_line' id='line_1_48' title="bbox 1170 4281 2162 4371; baseline 0.006 -20"><span class='ocrx_word' id='word_1_450' title='bbox 1170 4305 1250 4351; x_wconf 86' lang='lat' dir='ltr'><strong>eum</strong></span> <span class='ocrx_word' id='word_1_451' title='bbox 1267 4283 1350 4350; x_wconf 91' lang='lat' dir='ltr'><strong>satis</strong></span> <span class='ocrx_word' id='word_1_452' title='bbox 1365 4281 1567 4371; x_wconf 88' lang='lat' dir='ltr'><strong>tempestive</strong></span> <span class='ocrx_word' id='word_1_453' title='bbox 1582 4296 1615 4351; x_wconf 92' lang='lat' dir='ltr'><strong>et</strong></span> <span class='ocrx_word' id='word_1_454' title='bbox 1629 4281 1742 4352; x_wconf 91' lang='lat' dir='ltr'><strong>invito</strong></span> <span class='ocrx_word' id='word_1_455' title='bbox 1758 4285 1870 4353; x_wconf 89' lang='lat' dir='ltr'><strong>nostri</strong></span> <span class='ocrx_word' id='word_1_456' title='bbox 1885 4285 1980 4353; x_wconf 85' lang='lat' dir='ltr'><strong>exilii</strong></span> <span class='ocrx_word' id='word_1_457' title='bbox 1996 4287 2162 4357; x_wconf 88' lang='lat' dir='ltr'><strong>admoni-</strong></span> 
     </span>
     <span class='ocr_line' id='line_1_49' title="bbox 1171 4380 2161 4476; baseline 0.008 -24"><span class='ocrx_word' id='word_1_458' title='bbox 1171 4397 1245 4452; x_wconf 92' lang='lat' dir='ltr'><strong>tum</strong></span> <span class='ocrx_word' id='word_1_459' title='bbox 1271 4407 1354 4450; x_wconf 89' lang='lat' dir='ltr'><strong>esse.</strong></span> <span class='ocrx_word' id='word_1_460' title='bbox 1409 4382 1545 4450; x_wconf 87' lang='lat' dir='ltr'><strong>Verum</strong></span> <span class='ocrx_word' id='word_1_461' title='bbox 1565 4380 1634 4475; x_wconf 80' lang='grc' dir='ltr'><strong>ἄτη</strong></span> <span class='ocrx_word' id='word_1_462' title='bbox 1651 4386 1821 4476; x_wconf 89' lang='lat' dir='ltr'><strong>quaedam</strong></span> <span class='ocrx_word' id='word_1_463' title='bbox 1838 4398 1870 4453; x_wconf 91' lang='lat' dir='ltr'><strong>et</strong></span> <span class='ocrx_word' id='word_1_464' title='bbox 1886 4380 2015 4456; x_wconf 90' lang='lat' dir='ltr'><strong>horum</strong></span> <span class='ocrx_word' id='word_1_465' title='bbox 2029 4390 2161 4459; x_wconf 90' lang='lat' dir='ltr'><strong>amico-</strong></span> 
     </span>
     <span class='ocr_line' id='line_1_50' title="bbox 1170 4483 2161 4577; baseline 0.008 -26"><span class='ocrx_word' id='word_1_466' title='bbox 1170 4507 1250 4551; x_wconf 90' lang='lat' dir='ltr'><strong>rum</strong></span> <span class='ocrx_word' id='word_1_467' title='bbox 1276 4485 1567 4552; x_wconf 87' lang='lat' dir='ltr'><strong>consuetudinem</strong></span> <span class='ocrx_word' id='word_1_468' title='bbox 1595 4483 1803 4577; x_wconf 90' lang='lat' dir='ltr'><strong>aliquandiu</strong></span> <span class='ocrx_word' id='word_1_469' title='bbox 1834 4487 2016 4561; x_wconf 78' lang='lat' dir='ltr'><strong>distraxit.</strong></span> <span class='ocrx_word' id='word_1_470' title='bbox 2065 4486 2161 4559; x_wconf 90' lang='lat' dir='ltr'><strong>Mihi</strong></span> 
     </span>
     <span class='ocr_line' id='line_1_51' title="bbox 1171 4578 2162 4682; baseline 0.009 -30"><span class='ocrx_word' id='word_1_471' title='bbox 1171 4582 1259 4652; x_wconf 87' lang='lat' dir='ltr'><strong>varii</strong></span> <span class='ocrx_word' id='word_1_472' title='bbox 1283 4608 1373 4675; x_wconf 90' lang='lat' dir='ltr'><strong>pene</strong></span> <span class='ocrx_word' id='word_1_473' title='bbox 1388 4578 1586 4664; x_wconf 70' lang='lat' dir='ltr'><strong>discernaris</strong></span> <span class='ocrx_word' id='word_1_474' title='bbox 1602 4600 1636 4654; x_wconf 91' lang='lat' dir='ltr'><strong>et</strong></span> <span class='ocrx_word' id='word_1_475' title='bbox 1651 4587 1734 4655; x_wconf 90' lang='lat' dir='ltr'><strong>satis</strong></span> <span class='ocrx_word' id='word_1_476' title='bbox 1750 4587 1979 4658; x_wconf 80' lang='lat' dir='ltr'><strong>iracunde‘de</strong></span> <span class='ocrx_word' id='word_1_477' title='bbox 1995 4614 2036 4659; x_wconf 91' lang='lat' dir='ltr'><strong>eo</strong></span> <span class='ocrx_word' id='word_1_478' title='bbox 2053 4616 2162 4682; x_wconf 90' lang='lat' dir='ltr'><strong>nego-</strong></span> 
     </span>
     <span class='ocr_line' id='line_1_52' title="bbox 1174 4684 2162 4786; baseline 0.006 -30"><span class='ocrx_word' id='word_1_479' title='bbox 1174 4687 1224 4756; x_wconf 92' lang='lat' dir='ltr'><strong>tio</strong></span> <span class='ocrx_word' id='word_1_480' title='bbox 1256 4685 1426 4755; x_wconf 89' lang='lat' dir='ltr'><strong>scribunt.</strong></span> <span class='ocrx_word' id='word_1_481' title='bbox 1477 4684 1556 4768; x_wconf 73' lang='lat' dir='ltr'><strong>¹Sed</strong></span> <span class='ocrx_word' id='word_1_482' title='bbox 1585 4700 1619 4755; x_wconf 90' lang='lat' dir='ltr'><strong>et</strong></span> <span class='ocrx_word' id='word_1_483' title='bbox 1650 4709 1711 4775; x_wconf 91' lang='lat' dir='ltr'><strong>ego</strong></span> <span class='ocrx_word' id='word_1_484' title='bbox 1735 4687 1872 4778; x_wconf 90' lang='lat' dir='ltr'><strong>placare</strong></span> <span class='ocrx_word' id='word_1_485' title='bbox 1896 4688 2162 4786; x_wconf 81' lang='lat' dir='ltr'><strong>Hieronymum</strong></span> 
     </span>
     <span class='ocr_line' id='line_1_53' title="bbox 1172 4781 2161 4888; baseline 0.01 -31"><span class='ocrx_word' id='word_1_486' title='bbox 1172 4789 1315 4870; x_wconf 91' lang='lat' dir='ltr'><strong>studeo,</strong></span> <span class='ocrx_word' id='word_1_487' title='bbox 1347 4801 1381 4856; x_wconf 90' lang='lat' dir='ltr'><strong>et</strong></span> <span class='ocrx_word' id='word_1_488' title='bbox 1399 4781 1439 4858; x_wconf 88' lang='lat' dir='ltr'><em>V</em></span> <span class='ocrx_word' id='word_1_489' title='bbox 1438 4783 1489 4854; x_wconf 87' lang='lat' dir='ltr'><strong>ito</strong></span> <span class='ocrx_word' id='word_1_490' title='bbox 1510 4787 1631 4878; x_wconf 89' lang='lat' dir='ltr'><strong>scripsi</strong></span> <span class='ocrx_word' id='word_1_491' title='bbox 1647 4788 1738 4857; x_wconf 93' lang='lat' dir='ltr'><strong>illud</strong></span> <span class='ocrx_word' id='word_1_492' title='bbox 1755 4783 1933 4883; x_wconf 81' lang='lat' dir='ltr'><strong>Aeschyli</strong></span> <span class='ocrx_word' id='word_1_493' title='bbox 1943 4788 2161 4888; x_wconf 71' lang='grc' dir='ltr'><strong>με’μνησοδι</strong></span> 
     </span>
     <span class='ocr_line' id='line_1_54' title="bbox 132 4881 2162 4982; baseline 0.007 -33"><span class='ocrx_word' id='word_1_494' title='bbox 132 4895 359 4914; x_wconf 71' lang='grc'><em>··””“·“··</em></span> <span class='ocrx_word' id='word_1_495' title='bbox 1173 4888 1282 4959; x_wconf 82' lang='grc' dir='ltr'><em>εἴκειν</em></span> <span class='ocrx_word' id='word_1_496' title='bbox 1305 4881 1445 4982; x_wconf 81' lang='grc' dir='ltr'><strong>χρόνῳ.</strong></span> <span class='ocrx_word' id='word_1_497' title='bbox 1504 4886 1621 4958; x_wconf 88' lang='lat' dir='ltr'><strong>Dete</strong></span> <span class='ocrx_word' id='word_1_498' title='bbox 1652 4912 1736 4960; x_wconf 90' lang='lat' dir='ltr'><strong>vero</strong></span> <span class='ocrx_word' id='word_1_499' title='bbox 1768 4894 1874 4961; x_wconf 87' lang='lat' dir='ltr'><strong>etad</strong></span> <span class='ocrx_word' id='word_1_500' title='bbox 1904 4883 2162 4964; x_wconf 81' lang='lat' dir='ltr'><strong>Camerarium</strong></span> 
     </span>
    </p>
   </div>
   <div class='ocr_carea' id='block_1_20' title="bbox 131 4974 2165 5122">
    <p class='ocr_par' dir='ltr' id='par_1_21' title="bbox 131 4974 2165 5122">
     <span class='ocr_line' id='line_1_55' title="bbox 131 4974 2165 5122; baseline 0.003 -62"><span class='ocrx_word' id='word_1_501' title='bbox 131 5048 136 5060; x_wconf 91' lang='lat'><strong>.</strong></span> <span class='ocrx_word' id='word_1_502' title='bbox 165 4987 318 5122; x_wconf 39' lang='lat'><strong>53:13?</strong></span> <span class='ocrx_word' id='word_1_503' title='bbox 345 4983 459 5036; x_wconf 75' lang='lat'><strong>⁶¹⁰¹&#39;‘&#39;”</strong></span> <span class='ocrx_word' id='word_1_504' title='bbox 479 4977 562 5032; x_wconf 58' lang='lat' dir='ltr'><strong>&#39;&#39;m‘&#39;</strong></span> <span class='ocrx_word' id='word_1_505' title='bbox 579 5006 613 5022; x_wconf 91' lang='grc'><strong>··</strong></span> <span class='ocrx_word' id='word_1_506' title='bbox 630 4981 702 5032; x_wconf 62' lang='lat' dir='ltr'><strong>‘&#39;dd&#39;&#39;</strong></span> <span class='ocrx_word' id='word_1_507' title='bbox 717 4978 747 5031; x_wconf 69' lang='lat'><strong>¹¹¹</strong></span> <span class='ocrx_word' id='word_1_508' title='bbox 765 4977 827 5083; x_wconf 52' lang='grc' dir='ltr'><strong>ξοδ·</strong></span> <span class='ocrx_word' id='word_1_509' title='bbox 843 4974 1124 5055; x_wconf 60' lang='lat' dir='ltr'><strong>⁶⁰¹¹¹³⁴⁰¹r¹¹⁰¹¹¹²⁶</strong></span> <span class='ocrx_word' id='word_1_510' title='bbox 1173 4988 1315 5081; x_wconf 92' lang='lat' dir='ltr'><strong>scripsi,</strong></span> <span class='ocrx_word' id='word_1_511' title='bbox 1349 4990 1411 5082; x_wconf 89' lang='lat' dir='ltr'><strong>qui</strong></span> <span class='ocrx_word' id='word_1_512' title='bbox 1427 4982 1659 5082; x_wconf 78' lang='lat' dir='ltr'><strong>Noribergoe</strong></span> <span class='ocrx_word' id='word_1_513' title='bbox 1681 5014 1777 5063; x_wconf 88' lang='lat' dir='ltr'><strong>nunc</strong></span> <span class='ocrx_word' id='word_1_514' title='bbox 1803 5006 1865 5063; x_wconf 88' lang='lat' dir='ltr'><strong>est.</strong></span> <span class='ocrx_word' id='word_1_515' title='bbox 1918 4994 1988 5067; x_wconf 89' lang='lat' dir='ltr'><strong>Sed</strong></span> <span class='ocrx_word' id='word_1_516' title='bbox 2010 4997 2165 5068; x_wconf 89' lang='lat' dir='ltr'><strong>arbitror</strong></span> 
     </span>
    </p>
   </div>
   <div class='ocr_carea' id='block_1_21' title="bbox 165 5116 1124 5207">
    <p class='ocr_par' dir='ltr' id='par_1_22' title="bbox 165 5116 1124 5207">
     <span class='ocr_line' id='line_1_56' title="bbox 165 5116 1124 5207; baseline -0.002 -24"><span class='ocrx_word' id='word_1_517' title='bbox 165 5139 198 5207; x_wconf 81' lang='lat'><strong>2)</strong></span> <span class='ocrx_word' id='word_1_518' title='bbox 216 5133 330 5188; x_wconf 81' lang='lat' dir='ltr'><strong>Videtur</strong></span> <span class='ocrx_word' id='word_1_519' title='bbox 349 5152 405 5186; x_wconf 80' lang='lat' dir='ltr'><strong>esse</strong></span> <span class='ocrx_word' id='word_1_520' title='bbox 423 5129 565 5202; x_wconf 79' lang='lat' dir='ltr'><strong>apologia,</strong></span> <span class='ocrx_word' id='word_1_521' title='bbox 591 5149 673 5202; x_wconf 82' lang='lat' dir='ltr'><strong>quam</strong></span> <span class='ocrx_word' id='word_1_522' title='bbox 691 5128 839 5185; x_wconf 79' lang='lat' dir='ltr'><strong>Mauritius</strong></span> <span class='ocrx_word' id='word_1_523' title='bbox 857 5116 941 5183; x_wconf 77' lang='lat' dir='ltr'><strong>&#39;edidit</strong></span> <span class='ocrx_word' id='word_1_524' title='bbox 961 5127 1045 5184; x_wconf 82' lang='lat' dir='ltr'><strong>d.·16.</strong></span> <span class='ocrx_word' id='word_1_525' title='bbox 1058 5129 1124 5184; x_wconf 88' lang='lat' dir='ltr'><strong>Oct.</strong></span> 
     </span>
    </p>
   </div>
   <div class='ocr_carea' id='block_1_22' title="bbox 165 5199 2178 5362">
    <p class='ocr_par' dir='ltr' id='par_1_23' title="bbox 165 5199 2178 5362">
     <span class='ocr_line' id='line_1_57' title="bbox 171 5199 2178 5303; baseline 0.008 -29"><span class='ocrx_word' id='word_1_526' title='bbox 171 5267 181 5274; x_wconf 81' lang='grc'><strong>.</strong></span> <span class='ocrx_word' id='word_1_527' title='bbox 200 5203 265 5258; x_wconf 66' lang='lat' dir='ltr'><strong>vid·</strong></span> <span class='ocrx_word' id='word_1_528' title='bbox 277 5200 432 5299; x_wconf 44' lang='lat' dir='ltr'><strong>wilm·</strong></span> <span class='ocrx_word' id='word_1_529' title='bbox 449 5199 496 5252; x_wconf 70' lang='lat'><strong>¹¹¹·</strong></span> <span class='ocrx_word' id='word_1_530' title='bbox 508 5218 532 5254; x_wconf 73' lang='lat'><strong>⁰·</strong></span> <span class='ocrx_word' id='word_1_531' title='bbox 547 5202 591 5254; x_wconf 70' lang='lat'><strong>⁴¹·</strong></span> <span class='ocrx_word' id='word_1_532' title='bbox 1208 5232 1236 5300; x_wconf 87' lang='lat'><strong>6)</strong></span> <span class='ocrx_word' id='word_1_533' title='bbox 1249 5231 1329 5284; x_wconf 82' lang='lat' dir='ltr'><strong>Mitto</strong></span> <span class='ocrx_word' id='word_1_534' title='bbox 1337 5234 1482 5298; x_wconf 81' lang='lat' dir='ltr'><strong>pagellam</strong></span> <span class='ocrx_word' id='word_1_535' title='bbox 1495 5260 1526 5272; x_wconf 93' lang='lat'>-</span> <span class='ocrx_word' id='word_1_536' title='bbox 1536 5233 1713 5298; x_wconf 55' lang='lat' dir='ltr'><strong>nonnette]</strong></span> <span class='ocrx_word' id='word_1_537' title='bbox 1731 5239 1835 5291; x_wconf 73' lang='lat' dir='ltr'><strong>tautum</strong></span> <span class='ocrx_word' id='word_1_538' title='bbox 1844 5232 2006 5303; x_wconf 83' lang='lat' dir='ltr'><strong>leguntorin</strong></span> <span class='ocrx_word' id='word_1_539' title='bbox 2015 5204 2178 5293; x_wconf 39' lang='lat' dir='ltr'><strong>codGotb..</strong></span> 
     </span>
     <span class='ocr_line' id='line_1_58' title="bbox 165 5285 1304 5362; baseline -0.004 -19"><span class='ocrx_word' id='word_1_540' title='bbox 165 5291 194 5362; x_wconf 75' lang='lat'><strong>3)</strong></span> <span class='ocrx_word' id='word_1_541' title='bbox 211 5285 303 5344; x_wconf 80' lang='lat' dir='ltr'><strong>Perel.</strong></span> <span class='ocrx_word' id='word_1_542' title='bbox 315 5288 394 5350; x_wconf 73' lang='lat' dir='ltr'><strong>orde,</strong></span> <span class='ocrx_word' id='word_1_543' title='bbox 412 5287 560 5350; x_wconf 84' lang='lat' dir='ltr'><strong>quomodo.</strong></span> <span class='ocrx_word' id='word_1_544' title='bbox 627 5319 629 5323; x_wconf 33' lang='lat'><em>⁷</em></span> <span class='ocrx_word' id='word_1_545' title='bbox 1247 5300 1304 5353; x_wconf 70' lang='lat'><strong>191,</strong></span> 
     </span>
    </p>
   </div>
   <div class='ocr_carea' id='block_1_23' title="bbox 78 5364 2166 5530">
    <p class='ocr_par' dir='ltr' id='par_1_24' title="bbox 78 5364 2166 5530">
     <span class='ocr_line' id='line_1_59' title="bbox 78 5364 2166 5458; baseline 0.001 -19"><span class='ocrx_word' id='word_1_546' title='bbox 78 5399 87 5405; x_wconf 88' lang='lat'><strong>·</strong></span> <span class='ocrx_word' id='word_1_547' title='bbox 165 5378 195 5448; x_wconf 71' lang='grc'><strong>4)</strong></span> <span class='ocrx_word' id='word_1_548' title='bbox 217 5374 286 5429; x_wconf 74' lang='lat' dir='ltr'><strong>cod·</strong></span> <span class='ocrx_word' id='word_1_549' title='bbox 300 5370 382 5424; x_wconf 70' lang='lat' dir='ltr'><strong>0⁰¹h·</strong></span> <span class='ocrx_word' id='word_1_550' title='bbox 400 5371 458 5423; x_wconf 85' lang='lat'><strong>¹9¹·</strong></span> <span class='ocrx_word' id='word_1_551' title='bbox 474 5364 654 5438; x_wconf 61' lang='lat' dir='ltr'><strong>‘liissltaucie</strong></span> <span class='ocrx_word' id='word_1_552' title='bbox 1206 5385 1238 5453; x_wconf 66' lang='lat'><strong>⁴7)</strong></span> <span class='ocrx_word' id='word_1_553' title='bbox 1256 5386 1342 5438; x_wconf 83' lang='lat' dir='ltr'><strong>Etiam</strong></span> <span class='ocrx_word' id='word_1_554' title='bbox 1364 5385 1429 5440; x_wconf 83' lang='lat' dir='ltr'><strong>baec</strong></span> <span class='ocrx_word' id='word_1_555' title='bbox 1449 5394 1555 5438; x_wconf 84' lang='lat' dir='ltr'><strong>tantum</strong></span> <span class='ocrx_word' id='word_1_556' title='bbox 1580 5384 1607 5437; x_wconf 90' lang='lat' dir='ltr'><strong>io</strong></span> <span class='ocrx_word' id='word_1_557' title='bbox 1629 5383 1690 5437; x_wconf 92' lang='lat' dir='ltr'><strong>cod.</strong></span> <span class='ocrx_word' id='word_1_558' title='bbox 1709 5382 1792 5437; x_wconf 85' lang='lat' dir='ltr'><strong>Goth.</strong></span> <span class='ocrx_word' id='word_1_559' title='bbox 1809 5384 1867 5438; x_wconf 85' lang='lat'><strong>191.</strong></span> <span class='ocrx_word' id='word_1_560' title='bbox 1900 5384 1955 5442; x_wconf 80' lang='lat' dir='ltr'><strong>Sed</strong></span> <span class='ocrx_word' id='word_1_561' title='bbox 1975 5388 2003 5443; x_wconf 85' lang='lat' dir='ltr'><strong>in</strong></span> <span class='ocrx_word' id='word_1_562' title='bbox 2022 5405 2112 5458; x_wconf 80' lang='lat' dir='ltr'><strong>anuo,</strong></span> <span class='ocrx_word' id='word_1_563' title='bbox 2136 5408 2166 5443; x_wconf 81' lang='lat' dir='ltr'><strong>rr</strong></span> 
     </span>
     <span class='ocr_line' id='line_1_60' title="bbox 167 5450 1900 5530; baseline -0.004 -16"><span class='ocrx_word' id='word_1_564' title='bbox 167 5464 196 5530; x_wconf 79' lang='grc'><strong>5)</strong></span> <span class='ocrx_word' id='word_1_565' title='bbox 213 5469 245 5514; x_wconf 78' lang='grc' dir='ltr'><strong>ια</strong></span> <span class='ocrx_word' id='word_1_566' title='bbox 256 5460 303 5512; x_wconf 76' lang='lat' dir='ltr'><strong>itte</strong></span> <span class='ocrx_word' id='word_1_567' title='bbox 315 5459 344 5511; x_wconf 81' lang='lat' dir='ltr'><strong>in</strong></span> <span class='ocrx_word' id='word_1_568' title='bbox 356 5453 406 5507; x_wconf 84' lang='lat' dir='ltr'><strong>Tr.</strong></span> <span class='ocrx_word' id='word_1_569' title='bbox 419 5454 505 5521; x_wconf 72' lang='lat' dir='ltr'><strong>inquis</strong></span> <span class='ocrx_word' id='word_1_570' title='bbox 519 5451 547 5504; x_wconf 91' lang='lat' dir='ltr'><strong>in</strong></span> <span class='ocrx_word' id='word_1_571' title='bbox 560 5451 622 5507; x_wconf 82' lang='lat' dir='ltr'><strong>rod.</strong></span> <span class='ocrx_word' id='word_1_572' title='bbox 637 5450 718 5506; x_wconf 79' lang='lat' dir='ltr'><strong>Goth.</strong></span> <span class='ocrx_word' id='word_1_573' title='bbox 731 5451 792 5505; x_wconf 83' lang='lat' dir='ltr'><strong>tot.</strong></span> <span class='ocrx_word' id='word_1_574' title='bbox 808 5468 864 5506; x_wconf 84' lang='lat' dir='ltr'><strong>noo</strong></span> <span class='ocrx_word' id='word_1_575' title='bbox 879 5451 1015 5521; x_wconf 76' lang='lat' dir='ltr'><strong>leguntur.</strong></span> <span class='ocrx_word' id='word_1_576' title='bbox 1147 5478 1152 5521; x_wconf 68' lang='lat'>1</span> <span class='ocrx_word' id='word_1_577' title='bbox 1245 5455 1401 5509; x_wconf 77' lang='lat' dir='ltr'><strong>contectura</strong></span> <span class='ocrx_word' id='word_1_578' title='bbox 1416 5455 1569 5525; x_wconf 76' lang='lat' dir='ltr'><strong>adscripto,</strong></span> <span class='ocrx_word' id='word_1_579' title='bbox 1587 5451 1746 5506; x_wconf 79' lang='lat' dir='ltr'><strong>manifestos</strong></span> <span class='ocrx_word' id='word_1_580' title='bbox 1761 5461 1798 5508; x_wconf 75' lang='lat' dir='ltr'><strong>ert</strong></span> <span class='ocrx_word' id='word_1_581' title='bbox 1811 5471 1900 5515; x_wconf 78' lang='lat' dir='ltr'><strong>error.</strong></span> 
     </span>
    </p>
   </div>
   <div class='ocr_carea' id='block_1_24' title="bbox 1265 5529 1343 5596">
    <p class='ocr_par' dir='ltr' id='par_1_25' title="bbox 1265 5529 1343 5596">
     <span class='ocr_line' id='line_1_61' title="bbox 1265 5529 1343 5596; baseline 0 0"><span class='ocrx_word' id='word_1_582' title='bbox 1265 5529 1343 5596; x_wconf 72' lang='lat'><strong>20*</strong></span> 
     </span>
    </p>
   </div>
   <div class='ocr_carea' id='block_1_25' title="bbox 0 0 2447 6436">
    <p class='ocr_par' dir='ltr' id='par_1_26' title="bbox 0 0 2447 6436">
     <span class='ocr_line' id='line_1_62' title="bbox 0 0 2447 6436; baseline 0 0"><span class='ocrx_word' id='word_1_583' title='bbox 0 0 2447 6436; x_wconf 95' lang='lat' dir='ltr'><strong> </strong></span> 
     </span>
    </p>
   </div>
  </div>
 </body>
</html>
