4882 6426
189 355 269 438 ast

197 519 395 657 Q.

1067 529 1102 592 9.
1116 520 1200 606 Aug.

1062 619 1200 651 M

522 688 648 802 Casp.
680 688 881 776 Peucero.

266 851 508 931 aax'apognpho
522 852 550 906 in
567 852 629 909 cod.
645 851 757 909 Monac.
771 851 815 910 90.
834 851 887 911 Νο.
904 847 963 904 Vll.
983 867 1010 920 p.
1025 848 1085 906 1³⁵.

239 1011 276 1091 C
280 1037 455 1116 aspare
482 1005 681 1082 Pracrro
707 1004 908 1109 Philippus
924 1001 1168 1082 Melanthea.

203 1158 424 1243 Doctissime
451 1186 491 1234 ac
515 1157 719 1232 charissime
739 1158 882 1252 Caspar.
933 1158 1133 1230 Meministi
1150 1180 1206 1226 me

207 1294 309 1362 saepe
323 1267 470 1337 recitare
486 1265 620 1334 dictum
637 1261 798 1334 Platonis
821 1265 865 1333 de
882 1263 994 1333 causis
1010 1260 1206 1354 praecipuis

208 1367 477 1466 gubernationis
485 1391 604 1436 rerum
612 1361 864 1435 humanarum:
891 1357 1208 1456 &adspiciendum

208 1469 273 1548 καὶ
287 1466 380 1564 μετὰ
395 1469 491 1542 θεοῦ
504 1461 599 1560 τύχη
617 1463 680 1538 καὶ
694 1463 822 1561 καιρὸς
838 1465 866 1538 ’τ’
886 1460 1112 1562 ἀνθρώπινα
1127 1460 1209 1536 ‹lsa-

209 1572 421 1669 κυβερνῶσι
455 1563 670 1663 ξύμπαντα,
711 1561 946 1667 ἡιιιερώτερον
979 1563 1049 1660 μὲν
1080 1563 1210 1664 τρίτον

212 1679 452 1774 συγχωρῆσαι
473 1665 618 1752 τούτοις
635 1667 715 1744 δεῖν
735 1670 890 1742 ἕπεσθαι
912 1668 1046 1764 τέχνην
1062 1663 1112 1766 *).
1161 1665 1212 1755 Ul

213 1780 322 1869 igitur
341 1775 456 1844 studia
478 1775 661 1844 doctrinae
683 1776 725 1843 ad
744 1772 867 1842 Albim
892 1774 1153 1857 instaurentur,
1179 1783 1213 1839 et

213 1880 283 1954 Dei
304 1877 436 1947 auxilio
461 1890 495 1947 et
515 1876 774 1968 tranquillitate
796 1891 994 1966 temporum
1011 1933 1014 1937 .
1029 1899 1119 1966 opus
1152 1885 1213 1943 est.

213 1973 384 2070 Princeps
404 1977 549 2071 quidem
572 1980 745 2063 ostendit,
777 1978 994 2047 voluntatem
1012 1979 1214 2048 instauran-

214 2085 281 2155 dae
295 2077 506 2151 Academiae
521 2079 589 2149 sibi
603 2104 678 2148 non
693 2081 829 2164 deesse,
862 2093 894 2150 et
912 2104 991 2149 cum
1007 2093 1109 2149 antea
1128 2101 1215 2148 con-

213 2183 351 2255 iunctio
369 2196 572 2252 nostrorum
588 2181 816 2272 collegiorum
832 2181 1056 2250 mediocriter
1072 2182 1216 2271 prolue-

214 2287 290 2357 rint
310 2285 355 2354 ad
375 2282 665 2376 propagationem
689 2282 869 2353 doctrinae
891 2278 1159 2375 philosophicae
1181 2295 1215 2350 et

215 2386 392 2470 coelestis,
426 2407 490 2474 ego
509 2386 553 2454 ab
575 2385 625 2454 eis
647 2409 722 2454 non
743 2386 921 2454 discedere
942 2384 1092 2454 decrevi.
1143 2383 1213 2453 Sed

216 2502 290 2560 tota
307 2509 363 2556 res
379 2500 430 2556 est
447 2485 487 2557 ἐν
510 2478 669 2586 γούνασι
690 2486 795 2558 θεοῦ.
845 2485 1082 2578 Expectamus
1098 2481 1215 2556 adhuc

216 2590 331 2662 aulica
346 2590 495 2661 decreta.
547 2587 654 2677 Quod
679 2589 710 2657 si
729 2591 894 2681 procedet
911 2588 1140 2679 instauratio,
1175 2603 1216 2659 ut

216 2713 415 2786 speramus,
448 2688 600 2757 maxime
616 2690 788 2781 optarim,
820 2703 855 2759 te
871 2691 1057 2760 nobiscum
1080 2691 1119 2758 in
1134 2691 1216 2760 dul-

216 2791 366 2864 cissimis
381 2790 507 2860 studiis
515 2789 643 2863 vivere.
670 2790 743 2862 Nec
756 2815 834 2861 mea
849 2791 1040 2863 tibiofficia
1056 2794 1216 2862 deerunt.

216 2893 312 2966 Urbs
327 2884 480 2987 Cygaca
498 2894 637 2985 quaerit
653 2894 769 2964 virum
794 2896 956 2980 doctum,
988 2920 1094 2990 quem
1116 2919 1217 2987 prac-

217 2996 311 3066 ficiat
327 3018 410 3065 suae
425 2990 583 3081 scholae,
608 3008 643 3066 ct
659 3022 739 3066 cum
755 2990 945 3067 Marcello
961 3021 1000 3067 ea
1017 2999 1061 3068 de
1078 3018 1116 3066 re
1136 2997 1215 3085 egit.

216 3096 353 3168 Verum
378 3097 408 3167 is
428 3121 570 3191 quoque
593 3111 748 3190 expectat
766 3112 908 3170 nostrae
922 3098 1053 3171 Troiae
1072 3100 1216 3169 restitu-

218 3199 365 3272 tionem.
416 3196 475 3268 Tu
491 3196 692 3293 siCygneae
707 3224 779 3270 esse
796 3202 910 3283 voles,
937 3202 981 3272 de
997 3216 1031 3274 te
1044 3203 1088 3272 ad
1105 3199 1217 3272 Sena-

218 3313 295 3372 tum
317 3299 512 3390 scripturus
535 3324 663 3385 essem,
702 3297 767 3372 καὶ
788 3297 893 3375 δοκεῖ
916 3298 984 3395 μοὶ
1013 3300 1070 3375 ὅτι
1100 3302 1217 3375 ἐκεῖνο

218 3405 376 3498 πρᾶγμα
391 3397 461 3472 οῦκ
475 3397 552 3471 ἔστι
567 3395 821 3495 ἀνεπιτήδειον
834 3406 1115 3501 φιλοσοφοῦντι.
1146 3403 1217 3474 Sed

219 3502 389 3677 pglplpera.
440 3498 538 3573 Bene
562 3505 652 3578 vale.
702 3503 983 3597 Witenbergae,
1011 3504 1048 3584 9.
1064 3501 1218 3599 Augusti

218 3948 285 4021 No.
301 3948 416 4026 6966.

229 4043 403 4078 Μ

1065 3970 1122 4033 10.
1136 3959 1221 4046 Aug.

1048 4052 1219 4087 Ἃ

539 4121 689 4212 Ioacls.
707 4121 900 4210 Mollem.

289 4278 378 4355 Epist.
391 4279 441 4338 lib·
456 4282 491 4341 ll.
509 4300 537 4357 p.
551 4282 612 4342 193.
631 4286 687 4355 (cd.
698 4285 787 4345 houd.
800 4285 849 4344 tit.
862 4287 897 4345 ll.
915 4305 957 4362 sp.
971 4286 1057 4362 621).

439 4436 494 4513 D.
519 4436 550 4513 1
555 4439 768 4517 oachimo
792 4442 1005 4520 Molleru

223 4566 266 4658 S.
277 4585 322 4662 D.
340 4583 760 4682 Charissimeloachime,
769 4594 845 4667 Scis
854 4623 893 4668 ex
902 4592 1050 4671 historia
1059 4595 1221 4694 Esdrae,

225 4712 332 4785 quam
341 4691 497 4762 difficilis
512 4709 546 4766 et
559 4721 665 4788 quam
677 4700 778 4768 tarda
792 4700 899 4770 fuerit
914 4700 1122 4773 instauratio
1132 4718 1221 4776 tem-

225 4791 278 4882 pli
297 4789 545 4888 solymorum,
577 4823 656 4869 cum
681 4801 799 4869 exules
819 4826 859 4869 ex
883 4799 1069 4896 Babylone
1091 4807 1222 4875 reversi

226 4905 353 4967 essent.
405 4892 456 4964 lta
479 4896 582 4967 video
609 4900 787 4971 difficilem
819 4903 895 4972 lore
930 4904 1222 4977 instaurationem

226 4990 440 5067 Academiae
456 5010 612 5085 nostrae,
638 5025 744 5095 quam
765 5017 883 5075 tamen
900 5020 939 5076 ut
953 5002 1050 5076 Deus
1070 5009 1224 5097 adiuvet,

225 5110 301 5167 toto
317 5122 398 5169 eum
416 5113 556 5191 pectore
580 5126 735 5178 oramus.
784 5104 888 5176 Certe
904 5108 1030 5178 studiis
1046 5107 1224 5182 Ecclesiae

226 5199 372 5291 prodest
386 5203 520 5272 servari
538 5198 628 5274 hanc
649 5207 831 5277 doctrinae
854 5209 984 5284 sedem.
1034 5210 1139 5284 Nunc
1162 5217 1224 5285 de-

262 5460 431 5543 ⁸)Brsadem
447 5463 538 5518 locum
555 5463 692 5529 Pistoris,
720 5466 766 5533 qui
782 5475 823 5521 est
837 5467 925 5525 tius.
943 5468 977 5525 tle
995 5468 1116 5545 legibus,
1137 5472 1224 5530 sdiert

292 5529 365 5586 salrs
380 5531 410 5586 ia
420 5530 472 5604 ap.
483 5531 518 5588 sd
531 5530 652 5607 soptyt.
667 5533 697 5590 tl.
708 5533 752 5591 20.
765 5533 839 5608 Atrg.

791 341 1232 423 EPISTOLARUM
1289 337 1396 418 tta.
1422 338 1469 414 X.
1521 334 1655 414 1547.

2178 320 2259 397 628
2295 315 2297 319 ’

1251 512 1481 583 liberationes
1495 523 1579 580 sunt
1600 509 1644 578 de
1661 502 1794 577 tabulis
1818 500 1933 571 nostri
1956 495 2134 585 naufragii
2152 494 2262 564 colli·

1250 615 1385 708 gendis.
1437 609 1490 703 Ac
1508 613 1672 680 voluntas
1686 605 1796 678 Ducis
1811 628 1886 673 non
1901 602 2016 672 aliena
2034 612 2086 667 est
2102 599 2147 668 ab
2161 592 2259 666 Aca-

1252 719 1380 788 demia.
1437 715 1509 786 Sed
1533 713 1599 782 scis
1621 713 1660 780 in
1689 709 1780 781 aulis
1809 701 1892 801 aspi
1921 693 2128 799 χρημάτων
2159 694 2256 772 εἶναι

1252 815 1436 917 βραδεῖαν
1459 812 1609 911 σκέψιν,
1652 808 1716 885 καὶ
1739 806 1862 903 ὥσπερ
1884 802 1985 878 ἀετοὶ
2011 797 2170 882 κύκνους
2192 827 2254 894 μι-

1254 927 1404 1005 σοῦσιν,
1441 915 1560 998 οὕτως
1587 911 1651 988 καὶ
1673 906 1901 1008 κενταύρους
1932 901 2130 998 πολεμίους
2163 899 2257 974 εἶναι

1253 1026 1331 1104 τοῖς
1346 1015 1577 1119 φιλοσόφοις.
1625 1017 1821 1109 Reliquum
1837 1015 1929 1083 vitae
1951 1034 2048 1079 meae
2071 1010 2199 1094 degere
2220 1005 2257 1073 in

1255 1129 1344 1197 urbe
1366 1139 1480 1194 vestra
1514 1121 1785 1201 constitueram,
1823 1116 1854 1185 si
1877 1115 1972 1186 Deus
2005 1113 2055 1182 ita
2076 1109 2258 1188 voluisset,

1256 1253 1336 1298 cum
1353 1229 1420 1298 iter
1437 1228 1480 1295 ad
1496 1249 1558 1293 vos
1573 1223 1720 1314 suscepi.
1771 1217 1825 1288 De
1841 1229 2020 1287 conventu
2037 1210 2260 1304 Argustana

1257 1326 1372 1400 adhuc
1387 1328 1566 1398 silentium
1584 1339 1645 1397 est.
1698 1322 1768 1395 Sed
1786 1322 1877 1390 illud
1897 1320 2003 1401 scito,
2029 1315 2203 1408 praesidia
2221 1313 2259 1381 in

1258 1432 1416 1504 Snevicis
1441 1431 1592 1501 urbibus
1615 1448 1737 1497 rursus
1762 1425 1801 1493 in
1826 1447 1887 1492 sex
1919 1442 2056 1490 menses
2086 1417 2259 1488 conducta

1260 1559 1344 1608 esse.
1412 1529 1575 1603 Omnino
1599 1531 1638 1597 in
1662 1555 1701 1598 ea
1724 1524 1939 1596 Germaniae
1966 1547 2027 1592 ora
2051 1544 2145 1591 nova
2166 1517 2261 1586 bella

1260 1639 1360 1708 brevi
1376 1649 1536 1705 secutura
1552 1656 1625 1702 esse
1640 1630 1805 1703 arbitror.
1858 1627 1994 1697 Literas
2013 1649 2033 1694 a
2050 1637 2085 1693 te
2100 1633 2259 1709 expecto,

1262 1740 1367 1808 velte
1389 1739 1517 1830 ipsum.
1569 1733 1667 1803 Bene
1683 1734 1772 1805 vale.
1820 1725 1892 1802 W
1890 1726 2067 1820 itabergae
2088 1725 2146 1792 die
2160 1721 2257 1791 Lau-

1262 1842 1380 1911 rentii.
1431 1839 1539 1909 Mitto
1574 1838 1642 1908 tibi
1672 1834 1804 1905 Psalmi
1838 1831 2047 1923 exemplum.
2098 1824 2259 1896 Salutem

1262 1956 1345 2036 opto
1357 1944 1433 2012 viro
1449 1939 1677 2032 integerrimo
1691 1951 1751 2009 tuo
1768 1935 1872 2030 patri,
1895 1935 1999 2004 fratri
2017 1928 2101 2002 etD.
2112 1921 2262 2023 alepino.

1279 2178 2262 2212 ...-....--....-.--.---—-—-----·

1275 2343 1344 2416 No.
1363 2343 1477 2416 5967.

1270 2443 1482 2477 Μ

1553 2541 1742 2664 lolpanni
1757 2540 1977 2626 Ministro.

1335 2733 1424 2804 Epist.
1440 2733 1489 2794 lib.
1505 2734 1542 2789 ll·
1560 2752 1589 2805 p.
1601 2733 1662 2788 ⁵89.
1685 2732 1762 2802 (edit.
1777 2733 1866 2789 Lond.
1882 2732 1929 2786 lib.
1948 2730 1980 2787 ll.
1998 2750 2040 2805 ep.
2055 2729 2141 2798 6203.

1484 2900 1699 2979 Iohanni
1727 2900 1911 2976 Ministro
1929 2927 1996 2974 suo
2012 2897 2051 3000 ¹⁵)

1266 3054 1311 3146 S·
1333 3071 1380 3146 D.
1440 3069 1655 3145 Charissimc
1678 3066 1884 3158 Iohannes,
1925 3071 2105 3143 Misisscm
2137 3074 2183 3143 ad
2206 3094 2265 3144 vus

1268 3200 1445 3247 cursorem
1471 3199 1648 3262 nostrum,
1680 3180 1741 3246 sed
1762 3172 2053 3247 Bastulomacus
2073 3170 2264 3272 Cycnacrst

1267 3292 1444 3367 aegrotat,
1476 3281 1534 3348 cui
1558 3278 1689 3348 servire
1712 3303 1792 3349 eum
1816 3292 1973 3370 oportet;
2012 3275 2089 3369 Ego
2112 3281 2162 3348 sic
2184 3280 2266 3351 satis

1267 3380 1379 3454 valeo.
1427 3376 1506 3449 Etsi
1522 3396 1638 3451 autem
1661 3382 1734 3451 scio
1757 3406 1813 3452 me
1832 3377 2062 3474 reprehendi,
2097 3384 2196 3477 quod
2212 3383 2266 3453 vel

1267 3475 1445 3579 Lipsiam
1468 3484 1616 3569 accessi,
1640 3485 1698 3553 vel
1717 3478 1804 3555 huc:
1838 3498 1956 3555 tamen
1975 3486 2107 3556 multae
2123 3487 2284 3557 suerunt·

1269 3609 1392 3657 causae
1409 3587 1623 3677 probabiles,
1645 3610 1709 3657 cur
1722 3587 1855 3664 nollem
1870 3585 2268 3660 deserereAcademiam

1269 3701 1304 3761 et
1320 3701 1460 3759 nostros
1475 3689 1644 3778 collegas,
1670 3714 1823 3782 quorum
1840 3690 2044 3761 coniunctio
2060 3692 2190 3761 studiis
2203 3714 2267 3762 no-

1270 3791 1352 3862 stris
1373 3791 1520 3883 proluit.
1577 3783 1776 3889 lipsiaea
1799 3816 1856 3863 me
1879 3794 2029 3884 petitum
2048 3795 2135 3880 fuit,
2168 3808 2209 3866 ut
2230 3793 2268 3864 ir

1270 3894 1346 3965 eins
1366 3893 1467 3963 urbis
1485 3892 1713 3965 Academiam
1732 3896 1937 3986 migrarem3
1969 3897 2076 3989 plane
2099 3897 2267 3972 recusavi.

1270 3993 1319 4068 Bt
1341 3995 1412 4064 iam
1436 4009 1517 4065 ante
1540 4021 1657 4067 meum
1674 3998 1865 4070 adventum
1881 4000 1997 4070 suerat
2010 4000 2119 4091 petita
2135 3999 2268 4073 instau-

1271 4097 1362 4169 ratio
1379 4111 1520 4173 nostrae
1540 4096 1772 4186 Academiae,
1805 4125 1911 4194 quam
1932 4102 2215 4194 impedivissem,
2239 4102 2266 4174 si

1270 4224 1328 4270 me
1343 4200 1449 4271 etiam
1463 4195 1533 4272 huc
1545 4202 1744 4271 rediturum
1759 4226 1833 4274 esse
1847 4227 2037 4294 negassem.
2088 4203 2195 4277 Nunc
2208 4208 2265 4277 dc·

1271 4303 1500 4374 liberationes
1524 4318 1607 4374 sunt
1627 4305 1670 4373 de
1693 4304 1948 4378 instauratione
1969 4321 2111 4380 nostrae
2134 4307 2267 4380 Acade·

1234 4398 1237 4415 '
1271 4406 1381 4494 miae,
1412 4419 1446 4477 et
1462 4429 1517 4475 res
1539 4400 1655 4476 adbuc
1674 4405 1806 4478 incerta
1823 4422 1892 4494 est,
1926 4410 2009 4501 quia
2031 4413 2266 4483 nondumde-

1272 4508 1385 4582 crevit
1400 4508 1480 4579 aula
1490 4512 1508 4593 ‚'
1526 4530 1615 4602 quos
1628 4508 1766 4580 reditus
1775 4505 1986 4582 Academiae
2003 4514 2199 4585 attribuere
2213 4537 2266 4585 ve·

1272 4612 1333 4698 lit,
1359 4611 1453 4682 etde
1470 4611 1620 4702 pecunia
1636 4614 1756 4682 tardae
1772 4612 1810 4681 in
1831 4613 1922 4682 aulis
1944 4628 2028 4685 sunt
2044 4616 2265 4703 deliberatio-

1273 4737 1346 4786 nes.
1397 4711 1438 4785 Si
1461 4711 1516 4781 vir
1538 4713 1692 4804 optimus
1714 4710 1849 4784 Ductor
1864 4709 2088 4787 Matthaeus
2113 4715 2266 4792 exhibuit

1272 4815 1377 4887 uxori
1392 4838 1489 4884 meae
1509 4816 1694 4907 pecuniam
1720 4811 1925 4887 Wimaria
1943 4821 2103 4907 allatam,
2137 4821 2266 4914 praeci·

1272 4918 1394 5011 piout
1415 4917 1588 5006 integram
1607 4917 1640 4985 ei
1657 4918 1733 4988 sine
1751 4919 1825 4989 ulla
1849 4923 2049 4993 cantatione
2069 4924 2265 4997 restituatis.

1272 5018 1371 5090 Bene
1386 5031 1421 5089 et
1435 5019 1584 5090 feliciter
1598 5019 1693 5104 vale3
1720 5024 1930 5094 commendo
1947 5025 2014 5097 tibi
2027 5026 2120 5097 tilias
2136 5040 2265 5100 nostrat

1274 5136 1308 5193 et
1323 5121 1508 5197 familiam.
1557 5119 1626 5192 Die
1640 5120 1838 5201 Laurentii.

1281 5329 1506 5342 ιι-ο--σ-ι-

1309 5447 1341 5516 *J
1356 5447 1521 5506 Versabatur
1528 5450 1663 5509 lebannes
1676 5472 1740 5511 cum
1750 5455 1851 5512 lsudlis
1859 5456 2088 5517 Melanchaetes
2095 5459 2262 5519 Nordlausiss.
