4882 6436
313 336 362 410 51

319 532 402 581 meu
416 505 457 576 in
469 501 600 573 divinis
609 494 775 572 Oraculis
788 521 890 589 saepo
906 499 1098 589 repetitur,
1122 493 1307 593 εὐσεβέων

318 604 464 692 παῖδες,
479 617 544 677 etc.
568 605 688 674 locum
705 597 890 672 Theocriti
905 601 1012 676 nosti.
1060 600 1159 671 Bene
1173 615 1209 672 et
1229 602 1309 673 leli-

322 714 409 785 citer
423 709 521 792 vale,
541 719 575 777 et
590 705 741 776 rescribe
750 697 806 798 ¹⁵).

1194 973 1310 988 m

323 1145 390 1216 No.
406 1141 517 1217 5372.

329 1239 502 1272 m

593 1327 741 1410 Iooch.
775 1321 1036 1410 camerario.

1149 1159 1181 1222 6.
1203 1151 1289 1214 Febr.

1138 1242 1310 1274 m

367 1507 452 1578 Epist.
471 1506 504 1560 ed
523 1506 661 1561 Cameren.
680 1525 706 1577 p.
722 1505 772 1559 stt
789 1525 830 1580 eq.
849 1506 1136 1575 (ed.1.ond.tih.lv.
1155 1527 1197 1581 ep.
1216 1509 1299 1577 692).

322 1657 549 1738 Clarissimo
575 1662 652 1733 viro
674 1660 877 1736 eruditione
902 1677 934 1737 et
956 1668 1084 1737 virtute
1109 1664 1322 1765 praestanti

308 1762 584 1838 ·Ioac}eimo
610 1755 886 1837 Coruerurr'o
916 1765 1053 1846 Bamb.
1088 1768 1207 1839 amico
1234 1792 1303 1840 suo

706 1891 919 1951 carissimo,

322 1985 367 2076 S.
391 2001 437 2074 D.
489 2002 658 2073 Nondum
677 2007 721 2072 ad
739 2029 804 2073 nos
826 2005 937 2097 oripa
952 2002 1112 2076 Danubii
1130 2007 1320 2100 quicquam
1344 2058 1347 2075 .

322 2109 523 2179 litterarum
539 2106 685 2176 allatum
702 2118 771 2185 est,
798 2131 907 2200 quare
931 2108 1078 2195 gratiam
1104 2108 1171 2179 tibi
1193 2103 1319 2231 haheo,

897 320 1333 403 EPISTOLARUM
1386 330 1489 407 LlB.
1521 332 1569 412 X.
1626 335 1754 410 1546.

2308 339 2362 412 02

1363 501 1431 578 Νο.
1454 505 1566 577 8578.

2212 521 2245 584 8.
2264 513 2340 577 Feb.

1371 601 1542 632 Μ
2188 603 2361 633 »οων

1685 708 1741 794 Ν.
1775 701 2044 819 Amsdorfio.

1436 867 1533 923 Manlii
1555 868 1654 992 lestap.
1678 890 1707 944 p.
1727 871 1786 925 191.
1823 870 1892 928 Mel.
1917 873 1995 944 epist,
2020 873 2067 929 lib.
2084 871 2133 930 lll.
2159 891 2185 942 p·
2206 870 2272 931 1711.Ι
2293 871 2360 940 (ed.

1470 938 1558 995 Lond.
1572 939 1621 994 lib.
1647 940 1678 996 ll.
1689 959 1733 1011 ep.
1746 940 1802 994 101.
1835 971 1869 984 -
1905 941 2068 1016 Apograplu
2079 942 2108 997 in
2125 941 2187 1003 cod.
2200 940 2283 997 Goth.
2298 939 2360 998 191.

1471 1026 1498 1080 p.
1510 1008 1554 1065 39.
1573 1020 1599 1064 et
1612 1010 1675 1066 cod.
1689 1009 1771 1067 Goth.
1784 1012 1845 1066 101.
1859 1030 1885 1084 p.
1899 1010 1941 1067 28.

1367 1161 1687 1237 Reverendissimo
1718 1162 1773 1238 D.
1795 1162 2003 1242 Nicolao
2028 1164 2083 1236 ab
2112 1162 2359 1265 Amsdorf,

1368 1264 1554 1369 Episcopo
1586 1264 1870 1364 Nooburgeusi,
1914 1264 2116 1339 eruditione
2158 1269 2286 1339 virtute
2327 1277 2362 1338 et

1366 1371 1502 1469 pietate
1528 1395 1611 1441 vera
1635 1371 1865 1471 praestanti,
1897 1396 1963 1442 suo
1991 1380 2151 1469 patrono
2182 1395 2262 1441 eum
2294 1367 2360 1439 ob-

1650 1472 1838 1546 servantia
1861 1469 2074 1571 colendo¹),

1369 1603 1416 1694 S·
1440 1621 1484 1694 D.
1534 1621 1888 1720 Reverendissime²)
1916 1625 2072 1697 domine.
2130 1621 2180 1695 Ut
2200 1618 2361 1694 Ecclesia

1370 1722 1438 1795 Dei
1455 1722 1579 1821 vere³)
1596 1721 1754 1818 orphana
1769 1728 1862 1798 inter
1879 1724 1962 1797 hacc
1986 1723 2132 1816 imperia
2152 1725 2281 1794 mundi
2301 1726 2362 1793 in-

1371 1840 1508 1897 tuentes
1530 1829 1608 1919 pios
1629 1842 1785 1920 pastores
1812 1845 1847 1900 et
1867 1819 1996 1923 vere⁴)
2019 1824 2232 1919 Episcopos,
2257 1841 2291 1896 et
2313 1827 2360 1896 ab

1370 1929 1421 1997 eis
1445 1930 1724 1999 consolationem
1744 1930 1847 2021 petit:
1880 1931 1928 2000 ita
1945 1933 2041 1999 nunc
2054 1928 2189 2020 puella,
2212 1924 2363 1997 Domini

1371 2024 1536 2125 Pauli⁸)
1557 2031 1647 2113 filia,
1680 2027 1857 2123 orphana,
1884 2031 2080 2100 necessario
2113 2055 2176 2099 suo
2200 2043 2359 2120 tempore

1343 2142 1348 2237 )
1371 2157 1390 2202 a
1406 2158 1476 2226 quo
1494 2134 1700 2224 imploraret
1714 2133 1886 2203 auxilium
1903 2134 2040 2225 potius,
2056 2155 2164 2225 qnam
2179 2143 2359 2221 apaterno

323 2209 479 2301 l)timum
505 2207 717 2296 Significanii
748 2230 810 2276 ⁸⁸¹¹
839 2208 1025 2278 ⁸¹⁰sdi⁰¹¹¹
1047 2233 1108 2278 1θῦ
1140 2234 1318 2305 7190011119
1370 2235 1484 2304 amico
1504 2249 1539 2305 ct
1559 2259 1643 2304 vero
1658 2231 1860 2329 Episcopo?
1911 2231 2031 2323 Quare
2052 2227 2177 2327 cum⁰)
2200 2232 2361 2302 liberali-

324 2332 533 2410 congressus
554 2301 774 2401 Theologici
788 2302 838 2415 ¹⁵).
905 2308 976 2380 Sed
998 2311 1154 2400 proiecto
1182 2311 1319 2403 quoties

325 2417 369 2482 de
401 2413 464 2479 illo
491 2406 920 2500 generedispntationum
951 2412 1081 2500 cogito,
1110 2407 1318 2483 cohorresco

326 2529 399 2584 toto
432 2536 589 2601 corpore.
647 2509 730 2579 Non
758 2513 905 2596 veritas,
937 2535 1010 2579 non
1044 2514 1097 2581 vel
1131 2514 1319 2583 mediocris

325 2600 565 2707 tranquillitas
598 2610 839 2709 Ecclesiarum
880 2614 1086 2706 quaeritur,
1149 2615 1320 2685 Libenter

325 2719 434 2806 igitur
446 2714 573 2807 procul
589 2715 714 2784 absum
730 2715 776 2784 ab
790 2714 862 2784 illis
875 2716 1004 2785 fucosis
1020 2716 1319 2786 insidiosisactio-

261 2899 268 2911 ἱ
325 2820 451 2888 uibus:
487 2818 600 2884 miror
630 2832 766 2897 tamen,
804 2840 908 2909 quem
938 2819 1051 2886 nostri
1079 2811 1316 2888 Moloandae

326 2917 526 3012 opposituri
542 2917 631 2998 sint,
657 2941 762 3010 quem
781 2931 820 2988 ut
842 2919 935 2988 inter
959 2919 1044 2988 istos
1060 2942 1144 2988 sane
1160 2917 1320 3015 Ulyssem

327 3045 400 3091 esse
430 3021 560 3090 iudico.
620 3015 666 3087 Et
696 3019 796 3088 soavi
825 3020 992 3090 facundia
1017 3022 1214 3112 praeditum
1246 3045 1321 3091 csse

326 3125 401 3215 ipse
427 3121 601 3210 comperi,
626 3116 688 3189 καὶ
704 3116 809 3191 δοκεῖ
823 3115 1011 3218 ἀγχίνους.
1063 3121 1181 3191 Amici
1206 3124 1321 3195 nostri

327 3224 397 3293 viri
412 3223 628 3310 integerrimi
638 3217 786 3289 Subari
801 3222 986 3313 epistolam
1001 3223 1068 3291 tibi
1086 3225 1239 3317 remitto,
1257 3227 1321 3294 ad-

328 3325 404 3394 didi
421 3336 454 3392 et
468 3318 708 3407 historiolam,
723 3347 829 3417 quam
845 3324 875 3392 si
890 3324 986 3393 voles
1002 3324 1167 3415 inspicito
1184 3339 1218 3396 et
1234 3351 1321 3396 con·

213 3481 219 3488 .
328 3450 446 3518 cerpe.

428 3625 580 3698 Litteras
596 3629 639 3695 de
656 3622 883 3716 Theologicis
905 3630 1158 3719 interpretibus
1176 3631 1321 3702 mitten-

328 3733 383 3801 dis
399 3731 441 3799 ad
459 3727 780 3818 Regiomontanam
794 3725 1041 3814 Academiam,
1065 3733 1203 3802 mittam
1221 3735 1266 3802 ad
1288 3748 1321 3804 te

329 3856 391 3926 per
407 3830 619 3925 peculiarem
641 3820 876 3904 tabellarium.
928 3829 1018 3901 Nam
1035 3857 1115 3903 cum
1131 3826 1322 3931 Staphyla

328 3935 428 4028 prius
452 3935 627 4022 agendum
654 3949 721 4010 est,
745 3932 807 4026 qui
832 3926 922 4002 mihi
940 3933 1080 4004 videtur
1100 3959 1141 4002 ex
1164 3935 1228 4004 illo
1254 3934 1320 4025 ho-

329 4037 467 4103 minum
491 4056 617 4122 genere
641 4056 735 4118 esse,
760 4026 920 4126 quinon
945 4035 983 4102 in
1010 4031 1256 4128 philosophia,
1281 4055 1322 4111 ut

331 4135 552 4214 Academici,
587 4136 645 4204 sed
675 4135 714 4202 in
740 4135 820 4217 aliis
849 4137 1003 4232 negociis
1029 4124 1165 4230 ἐποχὴν
1196 4164 1322 4232 perpe-

224 4264 225 4268 *
330 4254 446 4322 tuam,
477 4236 983 4331 seu,dubitationcmpotiun
1011 4241 1225 4333 :sapientiam
1248 4267 1322 4313 esse

330 4345 476 4419 ducunt.
526 4337 624 4408 Bene
648 4353 683 4408 ct
706 4339 856 4429 feliciter
881 4342 955 4435 vale
980 4366 1059 4410 cum
1083 4338 1239 4414 Ecclesia
1263 4360 1324 4429 tua

330 4442 538 4526 domestica,
565 4464 670 4534 quam
688 4454 727 4509 ut
742 4437 838 4510 Deus
853 4456 1031 4526 aeternus,
1057 4441 1161 4513 Pater
1176 4443 1323 4517 Domini

331 4541 445 4612 nostri
462 4540 542 4612 lesu
557 4537 691 4612 Christi
705 4557 839 4628 servet,
866 4558 960 4636 opto.
1014 4543 1176 4618 VtFeb.
1215 4548 1323 4619 Anno

333 4640 575 4717 mnxnvl.

803 4726 817 4747 ”
869 4734 1274 4871 'Philopoemenem

334 4973 420 4983 ..φ-.-
429 4971 517 4979 .--ψ-..-

367 5087 412 5151 15)
431 5083 501 5140 Cod·
515 5081 632 5154 Guelph.
647 5084 737 5137 addit:
763 5084 791 5138 d.
813 5084 840 5141 6.
855 5084 936 5140 Febr.
958 5086 1037 5145 1546.
1063 5034 1221 5150 Philolai
1254 5036 1324 5150 hta

402 5152 579 5207 Melentlmne
593 5152 697 5243 scripta¹
706 5163 747 5208 est
762 5152 875 5210 nomine
890 5153 1001 5212 alterius
1015 5160 1167 5216 cuiusdam.

367 5250 397 5319 ¹⁸¹)
417 5251 590 5307 Ratirbonae.

836 5422 845 5439 “·
862 5422 892 5457 ,1.

1371 2349 1478 2406 tatem
1511 2359 1592 2426 erga
1622 2361 1700 2406 eam
1738 2335 1959 2421 exercuistis,
1997 2336 2108 2427 pietas
2141 2346 2254 2404 vestra
2281 2332 2359 2404 Deo

1371 2451 1469 2528 grata
1494 2434 1620 2534 erit⁷),
1646 2452 1680 2507 et
1702 2462 1767 2530 pro
1785 2463 1824 2507 ea
1838 2437 1993 2506 vicissim
2009 2436 2105 2507 Deus
2120 2431 2176 2505 his
2192 2432 2360 2505 Ecclesiis

1372 2555 1405 2610 et
1422 2540 1556 2631 politiis
1581 2541 1787 2614 benefaciet.¹
1834 2537 1908 2608 Nos
1922 2540 2066 2632 quidem
2083 2552 2117 2607 et
2132 2535 2269 2629 puellae
2293 2561 2361 2606 no·

1371 2642 1467 2709 mine
1499 2656 1534 2712 et
1560 2642 1681 2733 sponsi
1713 2655 1749 2712 et
1782 2654 1904 2713 nostro
1928 2641 2076 2729 gratiam
2103 2635 2294 2723 habemus,
2327 2650 2361 2708 et

1370 2740 1488 2813 Deum
1504 2737 1722 2840 aeternum⁸)
1740 2758 1872 2834 patrem
1882 2742 2028 2813 Domini
2043 2741 2156 2810 nostri
2165 2738 2245 2810 lesu
2254 2736 2363 2810 Chri-

1371 2847 1416 2917 sti
1438 2869 1637 2936 precamur,
1664 2859 1705 2915 ut
1726 2841 1791 2915 has
1816 2841 2011 2925 Ecclesias,
2037 2866 2126 2937 quae
2143 2856 2237 2912 certe
2261 2843 2363 2910 simi-

1371 2948 1422 3016 les
1440 2962 1523 3017 sunt
1539 2947 1667 3038 puellis
1681 2943 1913 3041 orphanis⁹),
1939 2947 2103 3015 defendat
2124 2969 2163 3012 ac
2186 2957 2303 3032 regat,
2327 2957 2362 3014 et

1372 3065 1486 3120 servet
1498 3073 1562 3119 vos
1584 3064 1618 3120 et
1633 3048 1720 3118 alios
1742 3049 1819 3139 pios
1833 3049 1993 3118 doctores
2015 3061 2183 3140 tanquam
2197 3046 2292 3114 oleas
2310 3046 2364 3114 ie-

1371 3175 1468 3220 races
1483 3153 1521 3218 in
1538 3153 1645 3220 domo
1654 3147 1743 3235 Dei,
1761 3174 1826 3219 nec
1839 3150 1931 3219 sinat
1945 3149 2100 3237 extingui
2118 3148 2231 3215 lucem
2243 3143 2363 3216 Evan-

1372 3253 1473 3340 gelii,
1500 3266 1534 3322 et
1551 3253 1715 3322 notitiam
1729 3250 1876 3322 Domini
1894 3252 2009 3322 nostri
2025 3247 2102 3319 lesu
2121 3243 2275 3329 Christi,
2301 3251 2363 3318 sed

1373 3354 1566 3424 inultorum
1584 3366 1724 3444 pectora
1740 3378 1822 3422 vera
1842 3353 1968 3443 pietate
1979 3350 2028 3447 ¹⁰)
2044 3353 2230 3435 accendat,
2256 3364 2291 3420 et
2306 3352 2364 3442 pia

1373 3456 1488 3525 studia
1504 3456 1686 3527 doctrinae
1702 3469 1735 3525 et
1748 3479 1888 3526 morum
1904 3453 2128 3546 disciplinam
2143 3466 2299 3533 tueatur,
2324 3467 2365 3524 ut

1372 3558 1465 3626 veris
1489 3559 1655 3629 laudibus
1676 3559 1770 3627 inter
1791 3581 1857 3627 nos
1880 3557 1919 3626 in
1942 3550 2008 3626 hac
2028 3555 2155 3625 mundi
2170 3568 2309 3624 senecta
2319 3551 2365 3646 ¹¹)

1374 3661 1569 3731 celebretur
1591 3655 1750 3752 verus¹¹)
1772 3656 1885 3744 Deus,
1907 3675 2071 3730 aeternus
2095 3670 2194 3748 pater
2216 3654 2365 3727 Domini

1372 3763 1485 3831 nostri
1502 3760 1581 3833 lesu
1593 3757 1748 3844 Christi,
1774 3785 1854 3829 cum
1869 3761 1944 3829 filio
1961 3783 2025 3829 suo
2042 3771 2077 3829 et
2090 3758 2218 3849 spiritu
2232 3771 2366 3833 sancto.

1372 3861 1447 3931 llas
1467 3864 1618 3954 optimas
1643 3886 1699 3934 rso
1726 3861 1824 3934 Deus
1854 3862 2034 3954 impertire
2064 3860 2154 3929 solet
2180 3882 2243 3950 per
2264 3884 2367 3931 veros

1372 3963 1584 4057 Episcopus,
1628 3973 1723 4058 quos'
1751 3964 1894 4057 quidem
1931 3977 2032 4033 vocat
2063 3957 2284 4060 ovvs'oyovc,
2328 3963 2366 4032 id

1374 4175 1580 4190 ἰ-ι--ι-ι·

1410 4292 1436 4355 1)
1457 4286 1534 4341 lianc
1558 4284 1667 4356 plenem
1692 4282 1900 4354 inscriptionem
1923 4285 2042 4340 amerit
2061 4285 2123 4338 cod.
2140 4283 2226 4367 Goth.
2251 4283 2311 4342 191.
2331 4316 2368 4328 -

1443 4351 2367 4492 tentaterit:tetsanae-„tretm·

1409 4530 1438 4594 2)
1457 4528 1545 4582 Mani.
1562 4528 1734 4582 uenerande.

1410 4612 1441 4674 8)
1459 4614 1536 4674 vere]
1552 4610 1615 4665 cod.
1631 4607 1713 4665 Goth.
1724 4609 1789 4665 101.
1808 4625 1893 4671 νικος
1911 4605 1999 4661 Menl.
2017 4623 2086 4660 vera
2096 4614 2246 4678 tanqum.

1410 4694 1439 4762 4)
1457 4691 1544 4747 Manl.
1562 4709 1650 4747 vetor.

1411 4779 1438 4848 6)
1458 4776 1526 4835 cod.
1542 4775 1625 4831 Goth.
1638 4776 1700 4829 401.
1714 4773 1801 4829 Pauli
1812 4774 1944 4829 Kuodeu.

1411 4865 1440 4931 6)
1458 4863 1536 4930 sum]
1554 4860 1617 4915 Per.
1635 4863 1720 4931 quod·

1411 4951 1441 5020 7)
1462 4952 1525 5016 erit]
1544 4946 1607 5001 Per.
1626 4955 1677 5002 ert.

1412 5036 1440 5104 8)
1458 5043 1607 5088 oeternum
1624 5029 1687 5088 Per.
1702 5048 1760 5086 non
1773 5030 1861 5087 behet.

1411 5120 1440 5189 9)
1463 5117 1550 5240 ml.
1568 5125 1599 5170 ue
1618 5116 1761 5170 Ecclesiae
1772 5132 1845 5185 quoe
1861 5121 1989 5168 wuston!
2009 5131 2048 5168 ex
2055 5116 2159 5182 puellis
2170 5119 2306 5189 tepueris
2317 5134 2368 5173 er·

1443 5207 1464 5254 r
1531 5202 1557 5245 ⁸·

1413 5289 1461 5359 10)
1478 5302 1547 5340 vero
1556 5284 1641 5353 pith]
1659 5281 1750 5338 Mrnl.
1763 5297 1838 5338 vere.

1412 5374 1456 5441 11)
1474 5365 1716 5427 condoluisti.
1736 5376 1762 5421 et
1778 5365 1840 5420 tot.
1860 5363 1977 5422 adduntt
1995 5367 2091 5424 denen

1412 5458 1458 5530 12)
1475 5464 1559 5512 derue
1574 5450 1663 5508 Menl.
1681 5469 1740 5506 non
1757 5451 1845 5507 hebet.
