4882 6426
2010 192 2020 223 t

193 316 267 391 ns
783 290 1220 423 rrrsronanou
1270 301 1381 384 nm.
1409 302 1457 384 u
1512 300 1650 381 csta
1842 277 1845 281 ’
2159 308 2240 382 acc

191 480 360 581 reliquias
374 495 408 552 et
421 476 627 549 vulneribus
640 474 771 548 nostris
784 475 978 550 medeatur.
1029 469 1107 546 Etsi
1122 492 1187 543 au·
1239 496 1312 548 esse
1336 475 1513 569 significo,
1544 500 1758 572 quocunque
1780 487 1939 568 tempore
1962 499 2029 546 nos
2054 478 2240 548 vocabitis.

190 596 285 673 tam,
317 604 529 678 quocunque
553 590 659 649 ruent
680 577 848 668 imperia,
876 576 982 647 simul
1003 589 1187 670 quassatur
1237 576 1291 649 De
1313 577 1477 655 Cardano
1507 580 1590 650 satis
1614 602 1779 669 magnam
1804 579 1953 667 gratiam
1977 578 2124 647 relatam
2147 576 2240 648 mibi

190 685 371 770 Ecclesia,
407 696 528 754 tamen
551 682 723 765 arbitror,
757 680 962 770 impendere
986 677 1188 747 conversio-
1239 704 1310 750 esse
1323 680 1453 771 judico,
1470 682 1566 773 quod
1583 675 1669 751 haec
1683 701 1766 750 vera
1781 693 1815 749 et
1832 674 1976 748 honesta
1985 673 2240 772 Philosophiae

191 794 277 861 'nem
291 788 449 880 aliquam
461 783 614 853 fatalem.
665 777 785 851 Audio
804 777 847 869 V
843 778 968 851 enetiis
983 779 1188 849 convenisse
1239 784 1372 862 studia,
1398 806 1487 875 qnae
1510 796 1603 851 certe
1627 783 1733 852 etiam
1748 778 1977 870 Principibus
1992 780 2094 849 utilia
2112 797 2236 865 essent,

192 895 328 982 legatos
351 885 548 982 pontificios
570 895 605 952 et
623 884 768 972 gallicos
781 896 816 952 et
830 883 954 953 foedus
968 884 1100 952 factum
1117 902 1189 948 esse
1242 883 1271 952 si
1285 908 1324 954 ea
1342 884 1617 967 considerarent,
1633 906 1708 952 non
1723 881 1974 972 aspernamini,
1990 894 2031 950 ut
2045 881 2107 948 alii
2122 884 2239 964 multi,

196 995 293 1064 inter
322 982 428 1061 Rom.
454 985 681 1070 Pontificem,
727 982 851 1053 Gallos
883 998 917 1055 et
940 981 1112 1065 Venetos,
1150 992 1191 1048 ut
1243 997 1276 1053 et
1290 987 1385 1078 quod
1401 997 1515 1053 vestra
1531 984 1719 1054 autoritate
1738 984 1788 1052 eis
1802 981 2090 1073 patrocinamini.
2118 980 2241 1070 Quae-

198 1095 392 1165 'defendant
407 1088 593 1181 Synodum
608 1083 872 1154 Bononiensem
893 1098 1015 1154 contra
1028 1084 1192 1153 ‚Trideu-
1241 1109 1300 1171 so,
1323 1099 1364 1157 nt
1381 1079 1522 1154 Marco
1546 1085 1689 1169 dicatis,
1718 1097 1757 1154 ut
1780 1081 1952 1173 significet
1965 1083 2072 1152 nobis
2091 1107 2241 1173 respon.

198 1198 322 1268 tinam.
373 1190 414 1263 si
431 1213 492 1258 sua
509 1188 683 1257 discordia
695 1186 870 1256 Pontificii
886 1186 1112 1281 Synodorum
1128 1208 1193 1252 au·
1243 1187 1377 1256 sionem
1398 1200 1561 1259 vestram.
1612 1184 1704 1255 Nam
1725 1184 1941 1276 peculiarem
1966 1183 2047 1252 ideo
2065 1185 2241 1254 nuncium

199 1296 397 1368 ctoritatem
421 1290 688 1368 labefactarent,
720 1289 876 1357 vinceret
899 1312 1022 1357 eorum
1043 1286 1192 1355 stultitia
1244 1289 1333 1379 istuc
1347 1287 1440 1361 misi.
1491 1283 1588 1355 Bene
1603 1286 1700 1366 vale,
1725 1285 1897 1364 Patrone,
1925 1307 2059 1352 summa
2076 1308 2158 1355 cum
2174 1286 2243 1355 ob-

200 1411 405 1467 nostrorum
421 1391 633 1460 bellatorum
648 1389 844 1461 stultitiam.
897 1388 967 1459 Sed
982 1386 1099 1457 Deum
1114 1409 1193 1455 ore·
1244 1390 1438 1474 servantia,
1465 1388 1621 1458 colende.
1672 1386 1785 1458 Datae
1800 1387 1859 1455 die
1876 1380 2046 1454 Octobris
2061 1387 2126 1456 26.

200 1523 299 1580 mus,
330 1508 370 1564 ut
390 1495 463 1584 ipse
476 1488 668 1559 Ecclesiam
692 1512 791 1559 suam
812 1491 1001 1559 clementer
1019 1488 1195 1580 respiciat,
1754 1483 1945 1578 Philippus
1961 1481 2189 1557 Melanthon.

176 1670 180 1679 ,
202 1614 237 1669 et
252 1595 392 1667 veritati
403 1616 504 1685 opem
523 1592 631 1675 ferat,
655 1603 696 1660 ut
710 1605 802 1661 certe
815 1591 929 1661 faciet.
978 1588 1193 1662 Dialecticen

201 1701 339 1793 placere
361 1696 427 1765 tibi
451 1707 484 1762 et
507 1714 654 1780 genero,
682 1694 830 1781 gaudeo.
879 1689 982 1761 Nunc
1003 1691 1194 1761 recuditur.

201 1798 280 1872 Etsi
304 1811 419 1868 autem
441 1817 515 1862 non
535 1792 647 1862 multa
670 1806 788 1873 muto,
813 1805 931 1861 tamen
954 1793 1061 1862 editio
1077 1790 1194 1882 poste-

203 1904 280 1972 rior
291 1897 510 1968 emendatior
523 1895 600 1966 erit.
633 1888 723 1961 Eius
736 1891 763 1988 ¹)
778 1892 944 1964 editionis
958 1893 1113 1983 exempla
1129 1890 1196 1960 tihi
1246 1926 1301 1998 No
1329 1923 1430 1999 4056
2095 1933 2143 1994 23
2171 1925 2234 1991 Oct

205 2017 240 2073 et
261 2024 391 2091 genero
409 1993 439 2088 ²)
467 1994 616 2064 mittam.
666 1989 883 2064 Inachimtcs
902 1987 1141 2063 Camerarius
1157 1992 1197 2058 in
1255 1981 1443 2055 ,Ἀκί
2107 1976 2244 2049 υζςῖ

122 2164 124 2169 ,
205 2101 419 2174 academiam
434 2094 610 2186 Lipsicam
632 2092 749 2181 rediit.
798 2094 868 2165 llic
887 2095 1089 2164 tabellarius
1105 2090 1133 2185 ³)
1151 2093 1196 2161 li-
1309 2148 1315 2157 .
1537 2104 1685 2191 Ioach·
1715 2100 1978 2190 camerario·

205 2220 298 2275 teras
312 2197 402 2269 mihi
418 2197 546 2280 attulit,
572 2194 701 2287 quibus
716 2197 754 2264 in
770 2192 936 2285 Angliam
951 2219 1068 2283 vocor.
1100 2192 1197 2264 Bene

206 2306 296 2377 vale.
348 2301 383 2373 7·
399 2297 547 2370 Calena.
563 2294 734 2369 Novemb.
753 2297 863 2371 1647.
1316 2263 1599 2403 Elsssslssfffm‘m·
1612 2214 1711 2332 picto.
1746 2258 1810 2314 non
1824 2272 1899 2313 snas
1913 2254 1989 2310 rste.
2011 2253 2059 2308 uc
2077 2224 2245 2311 sensa.

193 2408 195 2413 ’
257 2403 416 2476 Salutem
439 2414 522 2491 opto
544 2396 664 2470 Dmno
686 2391 935 2478 Theoderico,
967 2397 1107 2485 collegis
1129 2396 1200 2466 tuis

310 2517 346 2574 et
360 2526 501 2593 genem,
1251 2449 1477 2528 Clarissimo
1502 2452 1580 2523 ciro
1605 2446 1808 2522 eruditione
1829 2459 1866 2521 -et
1894 2447 2022 2519 virtute
2039 2447 2247 2542 praestanti

841 2595 908 2672 ph·
925 2594 1099 2671 Melana„
1253 2556 1281 2629 I
1286 2552 1497 2630 oachimo
1523 2547 1798 2627 Camerario
1817 2548 1944 2648 fratri
1963 2548 2245 2628 suocarcsscino,

1254 2684 1297 2774 S.
1319 2703 1366 2777 D.
1424 2702 1500 2775 Deo
1524 2716 1666 2778 aeterno
1695 2699 1789 2792 patri
1809 2699 2011 2770 liberatoris
2032 2699 2149 2769 nostri
2170 2696 2247 2769 lesu

1254 2802 1390 2875 Christi
1403 2804 1558 2875 crucifixi
1572 2828 1638 2895 pro
1654 2802 1758 2871 nobis
1771 2814 1805 2871 et
1819 2799 2014 2871 resuscitati
2031 2800 2162 2889 gratias
2175 2820 2248 2890 ago,

106 2986 110 2993 -
207 2939 276 3011 No.
293 2932 406 3012 4055.
1058 2946 1118 3009 26,
1133 2936 1203 3000 Oct.
1256 2909 1353 3001 quod
1368 2921 1402 2976 te
1414 2919 1451 3004 ¹et
1468 2919 1548 2974 tuos
1562 2904 1713 2973 servavit
1730 2901 1943 2986 incolumes,
1970 2901 2137 2994 qnodque
2158 2913 2194 2971 te
2205 2903 2248 2970 ad

777 3048 783 3065 ·
1064 3029 1204 3057 w*
1256 3007 1484 3079 Academiam
1506 3007 1667 3090 reduxit,
1693 3029 1732 3074 ac
1755 3028 1838 3088 oro,
1861 3017 1904 3074 ut
1924 3002 2090 3092 deinceps
2111 3025 2152 3071 ac
2172 3006 2250 3094 per·

538 3118 644 3205 Sim,
675 3117 878 3210 pistorio·
1256 3124 1363 3201 petuo
1387 3132 1449 3177 vos
1470 3120 1584 3176 servet
1608 3108 1705 3175 velut
1727 3106 1865 3173 abditos
1887 3105 1933 3173 ad
1954 3126 2050 3172 aram
2067 3126 2189 3188 stram,
2212 3117 2250 3173 ut

214 3031 387 3066 Μ’
434 3058 437 3063 .

1257 3209 1390 3281 Psalmi
1405 3209 1521 3278 verbis
1536 3221 1635 3287 utar,
1657 3229 1746 3300 quae
1767 3206 1886 3274 indico
1902 3219 2015 3275 sumta
2030 3227 2140 3273 esse-a
2153 3228 2249 3274 oom-

1257 3312 1360 3380 muni
1374 3311 1649 3393 consuetudine,
1674 3330 1763 3400 quae
1783 3307 1896 3397 parcit
1911 3305 2193 3393 confugientibus
2205 3309 2247 3374 ad

213 3440 399 3515 Simoni
416 3436 651 3522 Pistorio,
676 3428 1208 3509 CancellarioDncisSaxon.
1258 3435 1347 3485 ³⁹³⁸·
1406 3405 1552 3479 Paulus
1585 3423 1619 3480 ‘l
1643 3432 1706 3498 08⁰
1729 3408 1994 3477 decreveram
2017 3408 2059 3475 id
2088 3420 2124 3476 ¹0
2147 3402 2248 3476 1¹⁰le

611 3537 808 3611 Hectoris,
1258 3513 1451 3606 proficisci,
1480 3535 1545 3580 nec
1567 3511 1699 3580 veritus
1726 3531 1820 3577 eram
1845 3504 1915 3600 τήν
1940 3501 2148 3602 ἀποφράδα
2169 3532 2250 3600 pro-

513 3691 520 3707 .
559 3689 568 3707 .
942 3691 950 3707 ,
1170 3688 1179 3706 ‚
1258 3629 1338 3707 pter
1354 3613 1512 3705 eclipsin.
1565 3611 1656 3682 Nam
1670 3623 1894 3701 conspectum
1911 3622 2011 3679 tuum
2036 3609 2158 3679 iudico
2180 3613 2252 3679 lau-

212 3676 260 3766 s·
294 3689 340 3765 D·
399 3689 627 3782 Ampl¹⁵⁵¹m⁰
661 3690 730 3762 Du·
755 3687 984 3764 emnam·
1050 3686 1142 3759 cum
1168 3713 1208 3756 ¹¹¹
1259 3730 1353 3786 stum
1375 3737 1481 3785 omen
1504 3736 1588 3786 esse.
1640 3710 1689 3783 Et
1707 3708 1766 3780 hic
1782 3712 1856 3781 dies
1876 3705 2038 3777 Erasmi
2049 3711 2181 3780 natalis
2196 3726 2252 3793 est,

213 3793 325 3912 Pfiffl'l
358 3792 505 3883 ⁰Pl⁵¹⁰l³
536 3806 652 3861 Vestra
674 3815 749 3860 ⁰⁰¹¹
772 3792 962 3881 ascriptum
987 3804 1095 3908 ⁰⁵⁸&
1136 3814 1207 3882 ‘1¹¹⁰
1259 3819 1321 3887 sed
1340 3809 1666 3910 Argeliamvocor.
1716 3811 1842 3883 Scribo
1861 3811 2021 3897 brevius,
2045 3814 2146 3904 quod
2161 3836 2253 3882 nnnc

215 3899 274 4014 ⁶¹?
295 3919 361 4012 {¹⁰⁸
379 3892 517 3983 T⁰fg³⁰
544 3916 615 3962 ⁶⁸⁵⁰
639 3904 835 4009 ⁶P⁰flffefe
860 3906 894 3962 ‘l
911 3892 1034 3962 P³⁵¹⁰f
1059 3893 1117 4010 dfe
1131 3889 1228 4005 D0’,
1258 3918 1402 3989 currum
1417 3939 1672 3986 conscensurus
1690 3915 1811 3985 multis
1824 3916 1870 3982 do
1893 3915 2038 3985 litteras.
2091 3908 2253 3983 Sabinus

215 4020 348 4074 m¹¹¹¹⁶⁰
370 4017 444 4063 ⁰⁰¹¹
466 3995 539 4062 sese
562 3993 748 4111 ³‚Tme10
774 3995 962 4111 ‘¹¹⁸00‘lal’,
975 4007 1208 4110 ⁰⁰⁰⁸l¹l⁰⁸¹³ss
1257 4031 1469 4111 expectasset
1483 4017 1634 4087 reditum
1650 4031 1771 4098 tuum,
1797 4015 1827 4083 si
1842 4040 1909 4106 qua
1924 4036 2004 4105 spes
2019 4015 2144 4087 luisset
2159 4014 2251 4086 brevi

215 4119 296 4167 '¹¹⁰⁵
318 4099 361 4166 ad
383 4118 446 4163 ‘'05
469 4095 643 4184 Ps⁰fi⁰¹⁵⁶¹
663 4097 720 4163 ὼε
737 4094 796 4166 26·
813 4089 993 4167 0⁶¹⁰bffi·
1043 4093 1114 4165 sed
1130 4091 1208 4163 hen
1258 4121 1600 4191 teaffuturumesse.
1652 4115 1742 4186 Tres
1766 4116 1856 4184 filias
1871 4131 1905 4187 et
1921 4117 2034 4184 filium
2048 4113 2144 4185 mihi
2161 4141 2249 4186 corn-

218 4201 335 4268 literas
356 4197 481 4265 alteras
503 4220 523 4265 a
545 4196 647 4264 vobis
668 4196 802 4285 accepi,
828 4195 865 4264 in
887 4197 1016 4288 quibus
1032 4195 1208 4285 significa·
1257 4221 1442 4290 mendam
1457 4211 1655 4309 alendam
1707 4217 1777 4288 sed
1795 4219 2050 4290 muhacoram,
2106 4215 2201 4288 Bene
2218 4231 2248 4286 eg

214 4302 279 4383 lis,
311 4312 392 4390 post
411 4298 505 4367 diem
525 4293 585 4370 24.
602 4292 731 4368 Octob.
752 4297 985 4367 discessurum
1008 4319 1079 4366 esse
1102 4297 1208 4368 istinc
1257 4318 1409 4393 sepeige,
1429 4321 1507 4390 vale
1550 4321 1611 4394 28,
1627 4315 1808 4390 Ocpobrpg

217 4400 383 4475 Nobilem
406 4400 540 4481 virum,
573 4411 607 4468 et
630 4397 760 4468 virtute
782 4423 822 4467 ac
837 4399 1009 4488 sapientia
1027 4414 1207 4490 praestan·
1514 4375 1524 4405 ⁹
2003 4414 2206 4511 Philippus,

129 4526 134 4533 ·
218 4517 290 4573 tem
313 4499 509 4570 Dominum
534 4490 817 4572 Carolocicieem.
878 4499 964 4570 Misi
984 4500 1093 4590 igitur
1114 4496 1207 4571 hanc

219 4603 403 4693 epistolam
426 4625 487 4693 per
510 4595 689 4669 Marcum
706 4593 762 4691 *),
801 4602 864 4693 qui
887 4597 1036 4673 Sclrolae
1061 4617 1209 4694 praeest,

219 4699 471 4785 exhibendam,
498 4717 536 4773 ut
554 4703 802 4793 significarem,
829 4726 894 4771 nos
911 4705 1076 4773 mandata
1095 4716 1207 4774 vestra

220 4818 411 4894 expectare.
447 4803 487 4874 Si
500 4805 573 4874 dies
589 4818 704 4874 certus
718 4804 888 4896 ascriptus
902 4806 1025 4876 fuisset
1040 4805 1078 4872 in
1091 4807 1208 4898 prima
1271 4796 1340 4873 No.
1358 4797 1471 4872 4057.

220 4905 386 4996 epistola,
412 4928 493 4972 mox
511 4906 599 4975 istnc
614 4906 885 4978 accessissemus.
936 4903 1041 4974 Nunc
1054 4930 1209 4977 errorem
1265 4892 1480 4932 Μ

220 5022 262 5076 nt
281 5006 384 5076 nobis
409 5006 635 5091 condonetis,
659 5030 740 5092 oro,
767 5019 800 5076 et
823 5007 1127 5097 obtemperaturos
1145 5032 1210 5079 uos
1523 4979 1633 5067 Alb·
1664 4978 2008 5091 Hardenbei'glo·

256 5208 283 5266 1)
302 5204 390 5256 Dana.
403 5203 493 5265 cuius,
511 5196 648 5250 mendose.
1269 5135 1276 5148 Ι
1351 5144 1419 5217 EPP·
1439 5144 1473 5199 'd
1490 5143 1742 5215 ffi'd‘fflfsslum·
1759 5159 1804 5212 eP·
1819 5142 1862 5197 ¹5·

255 5286 282 5347 θ)
302 5283 396 5338 Gener
407 5291 447 5334 est
459 5280 500 5333 M.
516 5278 638 5343 Ioannes
650 5275 882 5360 Strec'tbergerun
902 5279 987 5349 (Nota
1001 5281 1117 5352 Bactri.)
1273 5322 1478 5337 ...-

255 5369 283 5434 8)
302 5368 389 5420 Daue.
404 5363 581 5426 tabularius,
606 5380 636 5415 er
649 5360 759 5415 mendo.

256 5453 284 5519 ⁸¹)
302 5453 431 5505 Mmum
451 5445 620 5499 cmdellum·
1237 5386 1245 5530 l
1307 5458 1338 5527 *)
1356 5428 1484 5525 Annam,
1503 5455 1657 5529 Martbrm,
1676 5455 1847 5510 catherinam
1866 5464 1893 5510 et
1910 5453 2054 5509 Albectrun
2073 5493 2080 5507 .
2101 5494 2109 5508 .
2129 5495 2136 5509 .

312 3286 397 3359 Epist.
416 3286 463 3340 tib.
474 3282 509 3341 V.
528 3303 555 3356 p.
567 3283 619 3338 212
632 3301 673 3353 sq.
