<?xml version="1.0" encoding="UTF-8"?>
<!DOCTYPE html PUBLIC "-//W3C//DTD XHTML 1.0 Transitional//EN"
    "http://www.w3.org/TR/xhtml1/DTD/xhtml1-transitional.dtd">
<html xmlns="http://www.w3.org/1999/xhtml" xml:lang="en" lang="en">
 <head>
  <title>
</title>
<meta http-equiv="Content-Type" content="text/html;charset=utf-8" />
  <meta name='ocr-system' content='tesseract 3.04.00' />
  <meta name='ocr-capabilities' content='ocr_page ocr_carea ocr_par ocr_line ocrx_word'/>
</head>
<body>
  <div class='ocr_page' id='page_1' title='image "./philippimelanth01melagoog/philippimelanth01melagoog_0208.png"; bbox 0 0 4882 6426; ppageno 0'>
   <div class='ocr_carea' id='block_1_1' title="bbox 202 341 2248 425">
    <p class='ocr_par' dir='ltr' id='par_1_1' title="bbox 202 341 2248 425">
     <span class='ocr_line' id='line_1_1' title="bbox 202 341 2248 425; baseline -0 -3"><span class='ocrx_word' id='word_1_1' title='bbox 202 343 280 425; x_wconf 73' lang='lat'>:³75</span> <span class='ocrx_word' id='word_1_2' title='bbox 363 412 369 419; x_wconf 88' lang='lat'>.</span> <span class='ocrx_word' id='word_1_3' title='bbox 787 341 1227 419; x_wconf 82' lang='lat' dir='ltr'>EPISTOLARUM</span> <span class='ocrx_word' id='word_1_4' title='bbox 1285 343 1473 421; x_wconf 67' lang='lat' dir='ltr'>butt.</span> <span class='ocrx_word' id='word_1_5' title='bbox 1528 342 1660 423; x_wconf 79' lang='lat'>1547.</span> <span class='ocrx_word' id='word_1_6' title='bbox 1741 397 1745 402; x_wconf 29' lang='lat' dir='ltr'><strong><em>J</em></strong></span> <span class='ocrx_word' id='word_1_7' title='bbox 2171 348 2248 422; x_wconf 72' lang='grc'>876</span> 
     </span>
    </p>
   </div>
   <div class='ocr_carea' id='block_1_2' title="bbox 165 511 2248 1417">
    <p class='ocr_par' dir='ltr' id='par_1_2' title="bbox 165 511 2248 800">
     <span class='ocr_line' id='line_1_2' title="bbox 172 511 2248 610; baseline -0.003 -18"><span class='ocrx_word' id='word_1_8' title='bbox 172 597 175 604; x_wconf 65' lang='grc'>,</span> <span class='ocrx_word' id='word_1_9' title='bbox 208 524 254 592; x_wconf 89' lang='lat' dir='ltr'>ad</span> <span class='ocrx_word' id='word_1_10' title='bbox 277 535 310 589; x_wconf 91' lang='lat' dir='ltr'>te</span> <span class='ocrx_word' id='word_1_11' title='bbox 335 518 523 610; x_wconf 88' lang='lat' dir='ltr'>expatiari,</span> <span class='ocrx_word' id='word_1_12' title='bbox 562 518 625 587; x_wconf 91' lang='lat' dir='ltr'>uhi</span> <span class='ocrx_word' id='word_1_13' title='bbox 649 516 852 587; x_wconf 75' lang='lat' dir='ltr'>intellexero</span> <span class='ocrx_word' id='word_1_14' title='bbox 876 530 910 585; x_wconf 89' lang='lat' dir='ltr'>te</span> <span class='ocrx_word' id='word_1_15' title='bbox 930 513 1117 586; x_wconf 85' lang='lat' dir='ltr'>Erfordiae</span> <span class='ocrx_word' id='word_1_16' title='bbox 1138 516 1205 586; x_wconf 89' lang='lat' dir='ltr'>ali·</span> <span class='ocrx_word' id='word_1_17' title='bbox 1249 530 1333 606; x_wconf 90' lang='lat' dir='ltr'>opto</span> <span class='ocrx_word' id='word_1_18' title='bbox 1348 516 1418 588; x_wconf 88' lang='lat' dir='ltr'>Du.</span> <span class='ocrx_word' id='word_1_19' title='bbox 1435 511 1619 587; x_wconf 72' lang='lat' dir='ltr'>Milichie</span> <span class='ocrx_word' id='word_1_20' title='bbox 1633 532 1667 589; x_wconf 89' lang='lat' dir='ltr'>et</span> <span class='ocrx_word' id='word_1_21' title='bbox 1684 511 1893 603; x_wconf 85' lang='lat' dir='ltr'>Marcello,</span> <span class='ocrx_word' id='word_1_22' title='bbox 1920 530 1954 587; x_wconf 89' lang='lat' dir='ltr'>et</span> <span class='ocrx_word' id='word_1_23' title='bbox 1971 512 2116 587; x_wconf 81' lang='lat' dir='ltr'>Ioanni</span> <span class='ocrx_word' id='word_1_24' title='bbox 2131 511 2248 587; x_wconf 78' lang='lat' dir='ltr'>Auri-</span> 
     </span>
     <span class='ocr_line' id='line_1_3' title="bbox 165 616 2247 718; baseline -0 -28"><span class='ocrx_word' id='word_1_25' title='bbox 165 700 168 704; x_wconf 19' lang='lat'>,</span> <span class='ocrx_word' id='word_1_26' title='bbox 210 622 416 718; x_wconf 80' lang='lat' dir='ltr'>quantisper</span> <span class='ocrx_word' id='word_1_27' title='bbox 437 632 739 688; x_wconf 80' lang='lat' dir='ltr'><strong>commoraturum</strong></span> <span class='ocrx_word' id='word_1_28' title='bbox 756 642 839 687; x_wconf 87' lang='lat' dir='ltr'>esse.</span> <span class='ocrx_word' id='word_1_29' title='bbox 890 617 1038 688; x_wconf 89' lang='lat' dir='ltr'>Pertexo</span> <span class='ocrx_word' id='word_1_30' title='bbox 1054 619 1204 688; x_wconf 91' lang='lat' dir='ltr'>nuncin</span> <span class='ocrx_word' id='word_1_31' title='bbox 1242 616 1374 716; x_wconf 83' lang='lat' dir='ltr'>fabro.</span> <span class='ocrx_word' id='word_1_32' title='bbox 1424 617 1522 689; x_wconf 91' lang='lat' dir='ltr'>Bene</span> <span class='ocrx_word' id='word_1_33' title='bbox 1538 623 1627 704; x_wconf 75' lang='lat' dir='ltr'>vale.</span> <span class='ocrx_word' id='word_1_34' title='bbox 1677 618 1854 691; x_wconf 84' lang='lat' dir='ltr'>Postridie</span> <span class='ocrx_word' id='word_1_35' title='bbox 1868 617 2124 690; x_wconf 89' lang='lat' dir='ltr'>Conversionis</span> <span class='ocrx_word' id='word_1_36' title='bbox 2141 618 2247 690; x_wconf 90' lang='lat' dir='ltr'>Pauli</span> 
     </span>
     <span class='ocr_line' id='line_1_4' title="bbox 210 717 1365 800; baseline 0.001 -8"><span class='ocrx_word' id='word_1_37' title='bbox 210 719 277 794; x_wconf 91' lang='lat' dir='ltr'>hac</span> <span class='ocrx_word' id='word_1_38' title='bbox 298 722 491 794; x_wconf 82' lang='lat' dir='ltr'>solitudine</span> <span class='ocrx_word' id='word_1_39' title='bbox 513 745 644 792; x_wconf 91' lang='lat' dir='ltr'>munus</span> <span class='ocrx_word' id='word_1_40' title='bbox 667 720 826 790; x_wconf 87' lang='lat' dir='ltr'>debitum</span> <span class='ocrx_word' id='word_1_41' title='bbox 850 733 911 789; x_wconf 92' lang='lat' dir='ltr'>tuo</span> <span class='ocrx_word' id='word_1_42' title='bbox 925 721 1019 800; x_wconf 89' lang='lat' dir='ltr'>lilio,</span> <span class='ocrx_word' id='word_1_43' title='bbox 1046 721 1205 790; x_wconf 90' lang='lat' dir='ltr'>dialecti·</span> <span class='ocrx_word' id='word_1_44' title='bbox 1254 717 1365 794; x_wconf 84' lang='lat'>1547.</span> 
     </span>
    </p>

    <p class='ocr_par' dir='ltr' id='par_1_3' title="bbox 211 817 2196 1008">
     <span class='ocr_line' id='line_1_5' title="bbox 211 817 2196 926; baseline 0.001 -32"><span class='ocrx_word' id='word_1_45' title='bbox 211 851 286 897; x_wconf 88' lang='lat' dir='ltr'>cen.</span> <span class='ocrx_word' id='word_1_46' title='bbox 339 824 529 913; x_wconf 87' lang='lat' dir='ltr'>Speremus</span> <span class='ocrx_word' id='word_1_47' title='bbox 555 823 650 890; x_wconf 89' lang='lat' dir='ltr'>enim</span> <span class='ocrx_word' id='word_1_48' title='bbox 673 825 779 891; x_wconf 91' lang='lat' dir='ltr'>deum</span> <span class='ocrx_word' id='word_1_49' title='bbox 803 835 1024 926; x_wconf 63' lang='lat' dir='ltr'>servatupum</span> <span class='ocrx_word' id='word_1_50' title='bbox 1047 846 1120 890; x_wconf 89' lang='lat' dir='ltr'>esse</span> <span class='ocrx_word' id='word_1_51' title='bbox 1136 819 1205 891; x_wconf 87' lang='lat' dir='ltr'>Ec·</span> <span class='ocrx_word' id='word_1_52' title='bbox 1762 817 1952 916; x_wconf 84' lang='lat' dir='ltr'>Philippus</span> <span class='ocrx_word' id='word_1_53' title='bbox 1970 819 2196 896; x_wconf 90' lang='lat' dir='ltr'>Melanthon.</span> 
     </span>
     <span class='ocr_line' id='line_1_6' title="bbox 212 924 2023 1008; baseline -0.003 -12"><span class='ocrx_word' id='word_1_54' title='bbox 212 928 337 996; x_wconf 90' lang='lat' dir='ltr'>clesiae</span> <span class='ocrx_word' id='word_1_55' title='bbox 353 939 387 995; x_wconf 90' lang='lat' dir='ltr'>et</span> <span class='ocrx_word' id='word_1_56' title='bbox 402 924 644 993; x_wconf 82' lang='lat' dir='ltr'>doctrinarum</span> <span class='ocrx_word' id='word_1_57' title='bbox 660 925 808 1008; x_wconf 90' lang='lat' dir='ltr'>semina,</span> <span class='ocrx_word' id='word_1_58' title='bbox 829 937 870 993; x_wconf 91' lang='lat' dir='ltr'>ut</span> <span class='ocrx_word' id='word_1_59' title='bbox 882 924 985 994; x_wconf 84' lang='lat' dir='ltr'>toties</span> <span class='ocrx_word' id='word_1_60' title='bbox 1000 947 1068 991; x_wconf 90' lang='lat' dir='ltr'>vox</span> <span class='ocrx_word' id='word_1_61' title='bbox 1083 924 1205 992; x_wconf 91' lang='lat' dir='ltr'>divina</span> <span class='ocrx_word' id='word_1_62' title='bbox 2015 953 2023 962; x_wconf 66' lang='lat'>-·</span> 
     </span>
    </p>

    <p class='ocr_par' dir='ltr' id='par_1_4' title="bbox 210 1023 2246 1417">
     <span class='ocr_line' id='line_1_7' title="bbox 210 1023 2246 1121; baseline -0.002 -23"><span class='ocrx_word' id='word_1_63' title='bbox 210 1030 391 1121; x_wconf 88' lang='lat' dir='ltr'>promisit,</span> <span class='ocrx_word' id='word_1_64' title='bbox 425 1049 559 1118; x_wconf 90' lang='lat' dir='ltr'>nosque</span> <span class='ocrx_word' id='word_1_65' title='bbox 581 1049 684 1094; x_wconf 84' lang='lat' dir='ltr'>curae</span> <span class='ocrx_word' id='word_1_66' title='bbox 707 1048 780 1093; x_wconf 89' lang='lat' dir='ltr'>esse</span> <span class='ocrx_word' id='word_1_67' title='bbox 800 1023 875 1094; x_wconf 88' lang='lat' dir='ltr'>Deo</span> <span class='ocrx_word' id='word_1_68' title='bbox 896 1048 970 1094; x_wconf 93' lang='lat' dir='ltr'>non</span> <span class='ocrx_word' id='word_1_69' title='bbox 992 1026 1207 1110; x_wconf 93' lang='lat' dir='ltr'>dubitemus,</span> <span class='ocrx_word' id='word_1_70' title='bbox 1501 1048 1599 1060; x_wconf 45' lang='lat' dir='ltr'>‘m‘</span> <span class='ocrx_word' id='word_1_71' title='bbox 1603 1051 1717 1059; x_wconf 56' lang='lat'><strong>······</strong></span> <span class='ocrx_word' id='word_1_72' title='bbox 1718 1047 2065 1060; x_wconf 62' lang='grc'>·-“····--”-“</span> <span class='ocrx_word' id='word_1_73' title='bbox 2084 1049 2246 1060; x_wconf 50' lang='lat' dir='ltr'>”w-</span> 
     </span>
     <span class='ocr_line' id='line_1_8' title="bbox 213 1123 2177 1201; baseline 0.002 -4"><span class='ocrx_word' id='word_1_74' title='bbox 213 1133 269 1200; x_wconf 91' lang='lat' dir='ltr'>vel</span> <span class='ocrx_word' id='word_1_75' title='bbox 292 1132 323 1200; x_wconf 91' lang='lat' dir='ltr'>si</span> <span class='ocrx_word' id='word_1_76' title='bbox 344 1131 476 1198; x_wconf 87' lang='lat' dir='ltr'>fractus</span> <span class='ocrx_word' id='word_1_77' title='bbox 500 1127 669 1196; x_wconf 91' lang='lat' dir='ltr'>illabatur</span> <span class='ocrx_word' id='word_1_78' title='bbox 689 1128 797 1201; x_wconf 89' lang='lat' dir='ltr'>orbis.</span> <span class='ocrx_word' id='word_1_79' title='bbox 849 1123 946 1194; x_wconf 85' lang='lat' dir='ltr'>Bene</span> <span class='ocrx_word' id='word_1_80' title='bbox 969 1129 1058 1200; x_wconf 91' lang='lat' dir='ltr'>vale.</span> <span class='ocrx_word' id='word_1_81' title='bbox 1110 1126 1205 1197; x_wconf 87' lang='lat' dir='ltr'>Deus</span> <span class='ocrx_word' id='word_1_82' title='bbox 2118 1189 2131 1200; x_wconf 80' lang='grc'><strong>.</strong></span> <span class='ocrx_word' id='word_1_83' title='bbox 2174 1132 2177 1137; x_wconf 73' lang='grc'><em>’</em></span> 
     </span>
     <span class='ocr_line' id='line_1_9' title="bbox 212 1187 2234 1320; baseline -0.003 -18"><span class='ocrx_word' id='word_1_84' title='bbox 212 1248 378 1304; x_wconf 87' lang='lat' dir='ltr'>aeternus</span> <span class='ocrx_word' id='word_1_85' title='bbox 399 1244 499 1320; x_wconf 89' lang='lat' dir='ltr'>pater</span> <span class='ocrx_word' id='word_1_86' title='bbox 515 1229 653 1297; x_wconf 91' lang='lat' dir='ltr'>domini</span> <span class='ocrx_word' id='word_1_87' title='bbox 668 1229 782 1296; x_wconf 87' lang='lat' dir='ltr'>nostri</span> <span class='ocrx_word' id='word_1_88' title='bbox 799 1225 879 1295; x_wconf 90' lang='lat' dir='ltr'>lesu</span> <span class='ocrx_word' id='word_1_89' title='bbox 894 1224 1029 1299; x_wconf 91' lang='lat' dir='ltr'>Christi</span> <span class='ocrx_word' id='word_1_90' title='bbox 1043 1245 1157 1300; x_wconf 91' lang='lat' dir='ltr'>servet</span> <span class='ocrx_word' id='word_1_91' title='bbox 1173 1244 1206 1298; x_wconf 93' lang='lat' dir='ltr'>te</span> <span class='ocrx_word' id='word_1_92' title='bbox 1250 1187 1445 1315; x_wconf 58' lang='lat' dir='ltr'>Q·</span> <span class='ocrx_word' id='word_1_93' title='bbox 2125 1193 2172 1273; x_wconf 48' lang='lat' dir='ltr'>(P</span> <span class='ocrx_word' id='word_1_94' title='bbox 2193 1194 2234 1275; x_wconf 73' lang='lat'>¹·)</span> 
     </span>
     <span class='ocr_line' id='line_1_10' title="bbox 212 1329 1207 1417; baseline -0.003 -13"><span class='ocrx_word' id='word_1_95' title='bbox 212 1349 247 1405; x_wconf 89' lang='lat' dir='ltr'>et</span> <span class='ocrx_word' id='word_1_96' title='bbox 267 1331 456 1404; x_wconf 88' lang='lat' dir='ltr'>honestiss.</span> <span class='ocrx_word' id='word_1_97' title='bbox 471 1330 657 1417; x_wconf 81' lang='lat' dir='ltr'>coniugem</span> <span class='ocrx_word' id='word_1_98' title='bbox 679 1343 777 1398; x_wconf 90' lang='lat' dir='ltr'>tuam</span> <span class='ocrx_word' id='word_1_99' title='bbox 792 1342 826 1398; x_wconf 88' lang='lat' dir='ltr'>et</span> <span class='ocrx_word' id='word_1_100' title='bbox 840 1329 1061 1400; x_wconf 84' lang='lat' dir='ltr'>dulcissimos</span> <span class='ocrx_word' id='word_1_101' title='bbox 1076 1332 1207 1401; x_wconf 89' lang='lat' dir='ltr'>liberos</span> 
     </span>
    </p>
   </div>
   <div class='ocr_carea' id='block_1_3' title="bbox 211 1393 1902 1510">
    <p class='ocr_par' dir='ltr' id='par_1_5' title="bbox 211 1393 1902 1510">
     <span class='ocr_line' id='line_1_11' title="bbox 211 1393 1902 1510; baseline -0.017 -3"><span class='ocrx_word' id='word_1_102' title='bbox 211 1451 302 1510; x_wconf 84' lang='lat' dir='ltr'>tuos.</span> <span class='ocrx_word' id='word_1_103' title='bbox 329 1431 410 1506; x_wconf 89' lang='lat' dir='ltr'>Vll.</span> <span class='ocrx_word' id='word_1_104' title='bbox 425 1430 499 1504; x_wconf 89' lang='lat' dir='ltr'>Cat.</span> <span class='ocrx_word' id='word_1_105' title='bbox 518 1428 621 1503; x_wconf 87' lang='lat' dir='ltr'>Febr.</span> <span class='ocrx_word' id='word_1_106' title='bbox 698 1498 702 1505; x_wconf 29' lang='lat' dir='ltr'><strong><em>J</em></strong></span> <span class='ocrx_word' id='word_1_107' title='bbox 1598 1396 1661 1481; x_wconf 83' lang='lat' dir='ltr'>Io,</span> <span class='ocrx_word' id='word_1_108' title='bbox 1683 1393 1866 1477; x_wconf 82' lang='lat' dir='ltr'>Marcell</span> <span class='ocrx_word' id='word_1_109' title='bbox 1892 1458 1902 1479; x_wconf 95' lang='lat'>.</span> 
     </span>
    </p>
   </div>
   <div class='ocr_carea' id='block_1_4' title="bbox 735 1530 2246 1778">
    <p class='ocr_par' dir='ltr' id='par_1_6' title="bbox 735 1530 2246 1778">
     <span class='ocr_line' id='line_1_12' title="bbox 735 1530 2246 1641; baseline -0.001 -18"><span class='ocrx_word' id='word_1_110' title='bbox 735 1561 738 1567; x_wconf 47' lang='lat'>¹</span> <span class='ocrx_word' id='word_1_111' title='bbox 809 1530 1156 1637; x_wconf 17' lang='lat' dir='ltr'>,Pfflffifflfflffl</span> <span class='ocrx_word' id='word_1_112' title='bbox 1321 1566 2246 1641; x_wconf 49' lang='grc' dir='ltr'>ΐῦψῳψπώῶὼΜψἭὶΕώΜΗωὴ</span> 
     </span>
     <span class='ocr_line' id='line_1_13' title="bbox 1352 1635 2246 1778; baseline -0.001 -86"><span class='ocrx_word' id='word_1_113' title='bbox 1352 1635 2246 1778; x_wconf 38' lang='lat' dir='ltr'>&amp;QfflmwbpfflssaefflnMMmmffl.mW.</span> 
     </span>
    </p>
   </div>
   <div class='ocr_carea' id='block_1_5' title="bbox 210 1762 1199 1778">
    <p class='ocr_par' dir='ltr' id='par_1_7' title="bbox 210 1762 1199 1778">
     <span class='ocr_line' id='line_1_14' title="bbox 210 1762 1199 1778; baseline -0.009 0"><span class='ocrx_word' id='word_1_114' title='bbox 210 1764 1045 1778; x_wconf 52' lang='lat' dir='ltr'>—u-——m-——a—o—--u-m--m-.</span> <span class='ocrx_word' id='word_1_115' title='bbox 1052 1766 1064 1772; x_wconf 83' lang='lat'><em>-</em></span> <span class='ocrx_word' id='word_1_116' title='bbox 1072 1765 1119 1771; x_wconf 43' lang='lat'>...0⁴</span> <span class='ocrx_word' id='word_1_117' title='bbox 1126 1762 1199 1770; x_wconf 51' lang='lat' dir='ltr'><em>..v-—</em></span> 
     </span>
    </p>
   </div>
   <div class='ocr_carea' id='block_1_6' title="bbox 171 1854 2092 1978">
    <p class='ocr_par' dir='ltr' id='par_1_8' title="bbox 171 1854 2092 1978">
     <span class='ocr_line' id='line_1_15' title="bbox 171 1854 2092 1978; baseline -0.026 -9"><span class='ocrx_word' id='word_1_118' title='bbox 171 1876 174 1883; x_wconf 22' lang='lat'><em>¹</em></span> <span class='ocrx_word' id='word_1_119' title='bbox 211 1901 279 1975; x_wconf 89' lang='lat' dir='ltr'>No.</span> <span class='ocrx_word' id='word_1_120' title='bbox 294 1901 406 1974; x_wconf 73' lang='lat'>3721,</span> <span class='ocrx_word' id='word_1_121' title='bbox 864 1913 869 1918; x_wconf 95' lang='lat'>·</span> <span class='ocrx_word' id='word_1_122' title='bbox 1069 1919 1127 1978; x_wconf 47' lang='grc' dir='ltr'>ΞΘ·</span> <span class='ocrx_word' id='word_1_123' title='bbox 1144 1906 1207 1970; x_wconf 39' lang='lat' dir='ltr'>qm·</span> <span class='ocrx_word' id='word_1_124' title='bbox 1519 1857 1696 1970; x_wconf 76' lang='lat' dir='ltr'>Ioanni</span> <span class='ocrx_word' id='word_1_125' title='bbox 1718 1854 1778 1928; x_wconf 96' lang='lat' dir='ltr'><em>M</em></span> <span class='ocrx_word' id='word_1_126' title='bbox 1781 1854 1972 1933; x_wconf 78' lang='lat' dir='ltr'>ursello.</span> <span class='ocrx_word' id='word_1_127' title='bbox 2089 1915 2092 1920; x_wconf 85' lang='lat'>.</span> 
     </span>
    </p>
   </div>
   <div class='ocr_carea' id='block_1_7' title="bbox 216 1987 2248 2409">
    <p class='ocr_par' dir='ltr' id='par_1_9' title="bbox 216 1987 2248 2204">
     <span class='ocr_line' id='line_1_16' title="bbox 216 1987 2248 2102; baseline 0.003 -30"><span class='ocrx_word' id='word_1_128' title='bbox 216 1999 430 2037; x_wconf 49' lang='grc' dir='ltr'><em>Μ</em></span> <span class='ocrx_word' id='word_1_129' title='bbox 484 1995 489 2002; x_wconf 52' lang='grc'><strong>“</strong></span> <span class='ocrx_word' id='word_1_130' title='bbox 1071 2005 1208 2032; x_wconf 50' lang='grc' dir='ltr'><em>Μ</em></span> <span class='ocrx_word' id='word_1_131' title='bbox 1253 1987 1295 2077; x_wconf 82' lang='lat' dir='ltr'><strong>S</strong></span> <span class='ocrx_word' id='word_1_132' title='bbox 1323 2007 1368 2083; x_wconf 90' lang='lat' dir='ltr'>D.</span> <span class='ocrx_word' id='word_1_133' title='bbox 1407 2007 1610 2079; x_wconf 81' lang='lat' dir='ltr'>Clarissimo</span> <span class='ocrx_word' id='word_1_134' title='bbox 1624 2006 1653 2102; x_wconf 89' lang='lat'>¹)</span> <span class='ocrx_word' id='word_1_135' title='bbox 1671 2007 1852 2080; x_wconf 86' lang='lat' dir='ltr'>Marcelle.</span> <span class='ocrx_word' id='word_1_136' title='bbox 1895 2002 2061 2099; x_wconf 78' lang='grc' dir='ltr'><em>Πέμψον</em></span> <span class='ocrx_word' id='word_1_137' title='bbox 2073 2030 2140 2099; x_wconf 82' lang='grc' dir='ltr'>μοι</span> <span class='ocrx_word' id='word_1_138' title='bbox 2153 2002 2248 2079; x_wconf 78' lang='grc' dir='ltr'><em>ὕπο-</em></span> 
     </span>
     <span class='ocr_line' id='line_1_17' title="bbox 578 2087 2247 2204; baseline 0.002 -28"><span class='ocrx_word' id='word_1_139' title='bbox 578 2087 630 2174; x_wconf 69' lang='grc' dir='ltr'>(ἶ.</span> <span class='ocrx_word' id='word_1_140' title='bbox 658 2092 839 2176; x_wconf 78' lang='lat' dir='ltr'>Maiori.</span> <span class='ocrx_word' id='word_1_141' title='bbox 889 2157 896 2164; x_wconf 90' lang='lat'>.</span> <span class='ocrx_word' id='word_1_142' title='bbox 1252 2104 1431 2204; x_wconf 77' lang='grc' dir='ltr'><em>μνήματα</em></span> <span class='ocrx_word' id='word_1_143' title='bbox 1463 2117 1532 2182; x_wconf 87' lang='grc' dir='ltr'>τοῦ</span> <span class='ocrx_word' id='word_1_144' title='bbox 1557 2106 1721 2203; x_wconf 82' lang='grc' dir='ltr'><em>Βοητίου</em></span> <span class='ocrx_word' id='word_1_145' title='bbox 1738 2107 1768 2197; x_wconf 85' lang='lat'>²)</span> <span class='ocrx_word' id='word_1_146' title='bbox 1793 2111 1843 2189; x_wconf 77' lang='grc' dir='ltr'>εἰς</span> <span class='ocrx_word' id='word_1_147' title='bbox 1867 2100 2000 2179; x_wconf 72' lang='lat' dir='ltr'>edoma</span> <span class='ocrx_word' id='word_1_148' title='bbox 2026 2111 2247 2200; x_wconf 76' lang='grc' dir='ltr'><strong>Κικερῶνος.</strong></span> 
     </span>
    </p>

    <p class='ocr_par' dir='ltr' id='par_1_10' title="bbox 366 2205 2247 2335">
     <span class='ocr_line' id='line_1_18' title="bbox 366 2205 2247 2335; baseline 0.001 -54"><span class='ocrx_word' id='word_1_149' title='bbox 366 2208 552 2322; x_wconf 44' lang='grc' dir='ltr'>ᾗρῑωῃλν,</span> <span class='ocrx_word' id='word_1_150' title='bbox 573 2271 599 2324; x_wconf 85' lang='lat' dir='ltr'>p.</span> <span class='ocrx_word' id='word_1_151' title='bbox 614 2251 666 2306; x_wconf 72' lang='lat'>352</span> <span class='ocrx_word' id='word_1_152' title='bbox 680 2273 719 2325; x_wconf 52' lang='lat' dir='ltr'>,sp</span> <span class='ocrx_word' id='word_1_153' title='bbox 884 2294 888 2309; x_wconf 83' lang='lat'>.</span> <span class='ocrx_word' id='word_1_154' title='bbox 1247 2209 1542 2335; x_wconf 48' lang='lat' dir='ltr'>&#39;Orpe&#39;ltpov&#39;ydp</span> <span class='ocrx_word' id='word_1_155' title='bbox 1565 2216 1695 2304; x_wconf 80' lang='grc' dir='ltr'><em>τεῦχος</em></span> <span class='ocrx_word' id='word_1_156' title='bbox 1713 2216 1760 2303; x_wconf 84' lang='grc' dir='ltr'>τῇ</span> <span class='ocrx_word' id='word_1_157' title='bbox 1781 2205 1952 2303; x_wconf 81' lang='grc' dir='ltr'><strong><em>ἐκκλησίᾳ</em></strong></span> <span class='ocrx_word' id='word_1_158' title='bbox 1975 2205 2247 2304; x_wconf 58' lang='grc' dir='ltr'>ὃιαλεκτικὸνἸ</span> 
     </span>
    </p>

    <p class='ocr_par' dir='ltr' id='par_1_11' title="bbox 724 2307 2248 2409">
     <span class='ocr_line' id='line_1_19' title="bbox 724 2307 2248 2409; baseline -0.001 -24"><span class='ocrx_word' id='word_1_159' title='bbox 724 2332 727 2337; x_wconf 82' lang='grc'><strong>’</strong></span> <span class='ocrx_word' id='word_1_160' title='bbox 1054 2333 1058 2344; x_wconf 87' lang='grc'>’</span> <span class='ocrx_word' id='word_1_161' title='bbox 1252 2311 1536 2409; x_wconf 75' lang='grc' dir='ltr'><em>παρασκευαζω,</em></span> <span class='ocrx_word' id='word_1_162' title='bbox 1560 2311 1625 2386; x_wconf 82' lang='grc' dir='ltr'>καὶ</span> <span class='ocrx_word' id='word_1_163' title='bbox 1638 2309 1764 2404; x_wconf 71' lang='grc' dir='ltr'><em>πρέπει</em></span> <span class='ocrx_word' id='word_1_164' title='bbox 1778 2307 1878 2404; x_wconf 80' lang='grc' dir='ltr'><em>ὑμᾶς</em></span> <span class='ocrx_word' id='word_1_165' title='bbox 1893 2309 1923 2406; x_wconf 84' lang='lat'>⁴)</span> <span class='ocrx_word' id='word_1_166' title='bbox 1942 2309 2103 2405; x_wconf 81' lang='grc' dir='ltr'>βοηθεῖν</span> <span class='ocrx_word' id='word_1_167' title='bbox 2119 2316 2248 2384; x_wconf 84' lang='grc' dir='ltr'><em>τοιαῦ-</em></span> 
     </span>
    </p>
   </div>
   <div class='ocr_carea' id='block_1_8' title="bbox 1666 2413 1683 2438">
    <p class='ocr_par' dir='ltr' id='par_1_12' title="bbox 1666 2413 1683 2438">
     <span class='ocr_line' id='line_1_20' title="bbox 1666 2413 1683 2438; baseline -0.176 0"><span class='ocrx_word' id='word_1_168' title='bbox 1666 2413 1683 2438; x_wconf 74' lang='grc' dir='ltr'>ΊΙ</span> 
     </span>
    </p>
   </div>
   <div class='ocr_carea' id='block_1_9' title="bbox 211 2403 1847 2509">
    <p class='ocr_par' dir='ltr' id='par_1_13' title="bbox 211 2403 1847 2509">
     <span class='ocr_line' id='line_1_21' title="bbox 211 2403 1847 2509; baseline 0.002 -28"><span class='ocrx_word' id='word_1_169' title='bbox 211 2403 413 2504; x_wconf 78' lang='lat' dir='ltr'>Georgia</span> <span class='ocrx_word' id='word_1_170' title='bbox 439 2404 646 2496; x_wconf 77' lang='lat' dir='ltr'>Maiori,</span> <span class='ocrx_word' id='word_1_171' title='bbox 681 2404 990 2506; x_wconf 66' lang='lat' dir='ltr'>(Magdeburgae</span> <span class='ocrx_word' id='word_1_172' title='bbox 1014 2408 1204 2500; x_wconf 78' lang='lat' dir='ltr'>versanti.)</span> <span class='ocrx_word' id='word_1_173' title='bbox 1252 2442 1299 2488; x_wconf 81' lang='grc' dir='ltr'>τα</span> <span class='ocrx_word' id='word_1_174' title='bbox 1316 2411 1565 2504; x_wconf 72' lang='grc' dir='ltr'><em>σπονδάζοντι</em></span> <span class='ocrx_word' id='word_1_175' title='bbox 1579 2414 1621 2509; x_wconf 84' lang='lat'>⁵).</span> <span class='ocrx_word' id='word_1_176' title='bbox 1717 2415 1847 2509; x_wconf 78' lang='grc' dir='ltr'><strong>ῤῥωσο.</strong></span> 
     </span>
    </p>
   </div>
   <div class='ocr_carea' id='block_1_10' title="bbox 1998 2510 2224 2589">
    <p class='ocr_par' dir='ltr' id='par_1_14' title="bbox 1998 2510 2224 2589">
     <span class='ocr_line' id='line_1_22' title="bbox 1998 2510 2224 2589; baseline 0.004 -5"><span class='ocrx_word' id='word_1_177' title='bbox 1998 2510 2065 2586; x_wconf 89' lang='lat' dir='ltr'>Ph.</span> <span class='ocrx_word' id='word_1_178' title='bbox 2089 2513 2145 2589; x_wconf 89' lang='lat' dir='ltr'>M.</span> <span class='ocrx_word' id='word_1_179' title='bbox 2221 2537 2224 2540; x_wconf 50' lang='lat'><strong>⁴</strong></span> 
     </span>
    </p>
   </div>
   <div class='ocr_carea' id='block_1_11' title="bbox 107 2537 2252 5403">
    <p class='ocr_par' dir='ltr' id='par_1_15' title="bbox 210 2537 1206 2651">
     <span class='ocr_line' id='line_1_23' title="bbox 210 2537 1206 2651; baseline 0.001 -23"><span class='ocrx_word' id='word_1_180' title='bbox 210 2537 255 2629; x_wconf 80' lang='lat' dir='ltr'>S.</span> <span class='ocrx_word' id='word_1_181' title='bbox 281 2556 328 2632; x_wconf 91' lang='lat' dir='ltr'>D.</span> <span class='ocrx_word' id='word_1_182' title='bbox 379 2558 576 2629; x_wconf 77' lang='lat' dir='ltr'>Laudanda</span> <span class='ocrx_word' id='word_1_183' title='bbox 606 2574 658 2630; x_wconf 91' lang='lat' dir='ltr'>est</span> <span class='ocrx_word' id='word_1_184' title='bbox 686 2562 876 2651; x_wconf 85' lang='lat' dir='ltr'>prudentia</span> <span class='ocrx_word' id='word_1_185' title='bbox 907 2563 945 2629; x_wconf 92' lang='lat' dir='ltr'>in</span> <span class='ocrx_word' id='word_1_186' title='bbox 970 2565 1206 2651; x_wconf 75' lang='lat' dir='ltr'>gubernatore</span> 
     </span>
    </p>

    <p class='ocr_par' dir='ltr' id='par_1_16' title="bbox 209 2661 1278 2756">
     <span class='ocr_line' id='line_1_24' title="bbox 209 2661 1278 2756; baseline 0.005 -27"><span class='ocrx_word' id='word_1_187' title='bbox 209 2661 330 2741; x_wconf 89' lang='lat' dir='ltr'>navis,</span> <span class='ocrx_word' id='word_1_188' title='bbox 361 2661 518 2752; x_wconf 91' lang='lat' dir='ltr'>quinon</span> <span class='ocrx_word' id='word_1_189' title='bbox 539 2662 682 2751; x_wconf 82' lang='lat' dir='ltr'>navigat</span> <span class='ocrx_word' id='word_1_190' title='bbox 704 2663 816 2733; x_wconf 86' lang='lat' dir='ltr'>foedis</span> <span class='ocrx_word' id='word_1_191' title='bbox 839 2666 1121 2754; x_wconf 90' lang='lat' dir='ltr'>tempestatibus,</span> <span class='ocrx_word' id='word_1_192' title='bbox 1146 2678 1206 2734; x_wconf 90' lang='lat' dir='ltr'>aut</span> <span class='ocrx_word' id='word_1_193' title='bbox 1264 2751 1278 2756; x_wconf 25' lang='grc' dir='ltr'>ι</span> 
     </span>
    </p>

    <p class='ocr_par' dir='ltr' id='par_1_17' title="bbox 210 2762 1205 2856">
     <span class='ocr_line' id='line_1_25' title="bbox 210 2762 1205 2856; baseline 0.001 -24"><span class='ocrx_word' id='word_1_194' title='bbox 210 2787 290 2833; x_wconf 93' lang='lat' dir='ltr'>cum</span> <span class='ocrx_word' id='word_1_195' title='bbox 314 2762 414 2851; x_wconf 85' lang='lat' dir='ltr'>sigua</span> <span class='ocrx_word' id='word_1_196' title='bbox 440 2777 523 2832; x_wconf 87' lang='lat' dir='ltr'>sunt</span> <span class='ocrx_word' id='word_1_197' title='bbox 545 2763 699 2833; x_wconf 86' lang='lat' dir='ltr'>illustria</span> <span class='ocrx_word' id='word_1_198' title='bbox 720 2765 842 2833; x_wconf 85' lang='lat' dir='ltr'>foedae</span> <span class='ocrx_word' id='word_1_199' title='bbox 858 2767 1083 2856; x_wconf 86' lang='lat' dir='ltr'>tempestatis.</span> <span class='ocrx_word' id='word_1_200' title='bbox 1135 2764 1205 2835; x_wconf 88' lang='lat' dir='ltr'>Sed</span> 
     </span>
    </p>

    <p class='ocr_par' dir='ltr' id='par_1_18' title="bbox 208 2864 1444 2966">
     <span class='ocr_line' id='line_1_26' title="bbox 208 2864 1444 2966; baseline 0.002 -31"><span class='ocrx_word' id='word_1_201' title='bbox 208 2878 327 2936; x_wconf 89' lang='lat' dir='ltr'>tamen</span> <span class='ocrx_word' id='word_1_202' title='bbox 350 2864 411 2932; x_wconf 92' lang='lat' dir='ltr'>ille</span> <span class='ocrx_word' id='word_1_203' title='bbox 433 2865 508 2955; x_wconf 92' lang='lat' dir='ltr'>ipsc</span> <span class='ocrx_word' id='word_1_204' title='bbox 523 2879 645 2934; x_wconf 90' lang='lat' dir='ltr'>cautus</span> <span class='ocrx_word' id='word_1_205' title='bbox 662 2867 877 2954; x_wconf 84' lang='lat' dir='ltr'>gubernator</span> <span class='ocrx_word' id='word_1_206' title='bbox 899 2868 1093 2960; x_wconf 90' lang='lat' dir='ltr'>tranquillo</span> <span class='ocrx_word' id='word_1_207' title='bbox 1116 2869 1205 2936; x_wconf 90' lang='lat' dir='ltr'>mari</span> <span class='ocrx_word' id='word_1_208' title='bbox 1251 2894 1317 2966; x_wconf 46' lang='lat' dir='ltr'>No·</span> <span class='ocrx_word' id='word_1_209' title='bbox 1332 2891 1444 2966; x_wconf 53' lang='lat'>3725·</span> 
     </span>
    </p>

    <p class='ocr_par' dir='ltr' id='par_1_19' title="bbox 204 2965 1841 3060">
     <span class='ocr_line' id='line_1_27' title="bbox 204 2965 1841 3060; baseline 0.002 -24"><span class='ocrx_word' id='word_1_210' title='bbox 204 2965 370 3055; x_wconf 82' lang='lat' dir='ltr'>navigat,</span> <span class='ocrx_word' id='word_1_211' title='bbox 393 2979 426 3034; x_wconf 90' lang='lat' dir='ltr'>et</span> <span class='ocrx_word' id='word_1_212' title='bbox 440 2967 516 3052; x_wconf 86' lang='lat' dir='ltr'>scit,</span> <span class='ocrx_word' id='word_1_213' title='bbox 542 2968 673 3036; x_wconf 87' lang='lat' dir='ltr'>exoriri</span> <span class='ocrx_word' id='word_1_214' title='bbox 687 2969 867 3038; x_wconf 90' lang='lat' dir='ltr'>interdum</span> <span class='ocrx_word' id='word_1_215' title='bbox 883 2971 1001 3039; x_wconf 91' lang='lat' dir='ltr'>subito</span> <span class='ocrx_word' id='word_1_216' title='bbox 1017 2983 1205 3060; x_wconf 88' lang='lat' dir='ltr'>tempesta·</span> <span class='ocrx_word' id='word_1_217' title='bbox 1252 2991 1462 3026; x_wconf 50' lang='grc' dir='ltr'>*ον’-ν</span> <span class='ocrx_word' id='word_1_218' title='bbox 1838 3031 1841 3039; x_wconf 50' lang='lat'>.</span> 
     </span>
    </p>

    <p class='ocr_par' dir='ltr' id='par_1_20' title="bbox 207 3068 1873 3180">
     <span class='ocr_line' id='line_1_28' title="bbox 207 3068 1873 3180; baseline 0.001 -40"><span class='ocrx_word' id='word_1_219' title='bbox 207 3083 259 3140; x_wconf 87' lang='lat' dir='ltr'>tes</span> <span class='ocrx_word' id='word_1_220' title='bbox 275 3068 504 3153; x_wconf 89' lang='lat' dir='ltr'>saevissimas,</span> <span class='ocrx_word' id='word_1_221' title='bbox 528 3094 618 3162; x_wconf 89' lang='lat' dir='ltr'>quae</span> <span class='ocrx_word' id='word_1_222' title='bbox 633 3069 789 3161; x_wconf 89' lang='lat' dir='ltr'>prospici</span> <span class='ocrx_word' id='word_1_223' title='bbox 804 3094 877 3139; x_wconf 92' lang='lat' dir='ltr'>non</span> <span class='ocrx_word' id='word_1_224' title='bbox 895 3086 1097 3162; x_wconf 90' lang='lat' dir='ltr'>potuerunt.</span> <span class='ocrx_word' id='word_1_225' title='bbox 1131 3070 1204 3140; x_wconf 88' lang='lat' dir='ltr'>Ta·</span> <span class='ocrx_word' id='word_1_226' title='bbox 1622 3089 1662 3177; x_wconf 78' lang='lat' dir='ltr'><strong><em>G</em></strong></span> <span class='ocrx_word' id='word_1_227' title='bbox 1703 3090 1873 3180; x_wconf 56' lang='lat' dir='ltr'>Maiori</span> 
     </span>
    </p>

    <p class='ocr_par' dir='ltr' id='par_1_21' title="bbox 113 3158 1910 3264">
     <span class='ocr_line' id='line_1_29' title="bbox 113 3158 1910 3264; baseline 0.003 -21"><span class='ocrx_word' id='word_1_228' title='bbox 113 3238 117 3243; x_wconf 85' lang='lat'>.</span> <span class='ocrx_word' id='word_1_229' title='bbox 207 3170 251 3239; x_wconf 92' lang='lat' dir='ltr'>lis</span> <span class='ocrx_word' id='word_1_230' title='bbox 273 3173 531 3261; x_wconf 88' lang='lat' dir='ltr'>propemodum</span> <span class='ocrx_word' id='word_1_231' title='bbox 556 3184 628 3242; x_wconf 89' lang='lat' dir='ltr'>tota</span> <span class='ocrx_word' id='word_1_232' title='bbox 654 3172 724 3241; x_wconf 88' lang='lat' dir='ltr'>vita</span> <span class='ocrx_word' id='word_1_233' title='bbox 743 3185 810 3257; x_wconf 88' lang='lat' dir='ltr'>est,</span> <span class='ocrx_word' id='word_1_234' title='bbox 835 3172 1204 3264; x_wconf 66' lang='lat' dir='ltr'>etiamcumeaperi÷</span> <span class='ocrx_word' id='word_1_235' title='bbox 1662 3160 1672 3182; x_wconf 64' lang='lat'><strong>⁹</strong></span> <span class='ocrx_word' id='word_1_236' title='bbox 1873 3158 1910 3189; x_wconf 64' lang='lat'>⁸‘</span> 
     </span>
    </p>

    <p class='ocr_par' dir='ltr' id='par_1_22' title="bbox 207 3267 1203 3364">
     <span class='ocr_line' id='line_1_30' title="bbox 207 3267 1203 3364; baseline 0.003 -23"><span class='ocrx_word' id='word_1_237' title='bbox 207 3272 304 3354; x_wconf 90' lang='lat' dir='ltr'>cula,</span> <span class='ocrx_word' id='word_1_238' title='bbox 329 3295 419 3363; x_wconf 91' lang='lat' dir='ltr'>quae</span> <span class='ocrx_word' id='word_1_239' title='bbox 435 3271 531 3339; x_wconf 89' lang='lat' dir='ltr'>cerni</span> <span class='ocrx_word' id='word_1_240' title='bbox 548 3267 703 3341; x_wconf 89' lang='lat' dir='ltr'>humana</span> <span class='ocrx_word' id='word_1_241' title='bbox 719 3275 905 3362; x_wconf 92' lang='lat' dir='ltr'>prudentia</span> <span class='ocrx_word' id='word_1_242' title='bbox 920 3289 1088 3364; x_wconf 89' lang='lat' dir='ltr'>possunt,</span> <span class='ocrx_word' id='word_1_243' title='bbox 1112 3275 1203 3344; x_wconf 87' lang='lat' dir='ltr'>vita-</span> 
     </span>
    </p>

    <p class='ocr_par' dir='ltr' id='par_1_23' title="bbox 137 3371 2217 3498">
     <span class='ocr_line' id='line_1_31' title="bbox 137 3371 2217 3498; baseline -0.001 -57"><span class='ocrx_word' id='word_1_244' title='bbox 137 3445 143 3451; x_wconf 61' lang='lat'>,</span> <span class='ocrx_word' id='word_1_245' title='bbox 206 3371 339 3442; x_wconf 86' lang='lat' dir='ltr'>vimus:</span> <span class='ocrx_word' id='word_1_246' title='bbox 366 3385 484 3441; x_wconf 91' lang='lat' dir='ltr'>tamen</span> <span class='ocrx_word' id='word_1_247' title='bbox 506 3373 575 3442; x_wconf 91' lang='lat' dir='ltr'>alia</span> <span class='ocrx_word' id='word_1_248' title='bbox 596 3374 753 3441; x_wconf 88' lang='lat' dir='ltr'>accidere</span> <span class='ocrx_word' id='word_1_249' title='bbox 767 3389 932 3463; x_wconf 88' lang='lat' dir='ltr'>possunt,</span> <span class='ocrx_word' id='word_1_250' title='bbox 958 3401 1047 3467; x_wconf 87' lang='lat' dir='ltr'>quae</span> <span class='ocrx_word' id='word_1_251' title='bbox 1063 3378 1202 3466; x_wconf 85' lang='lat' dir='ltr'>sapien·</span> <span class='ocrx_word' id='word_1_252' title='bbox 1248 3408 1286 3498; x_wconf 75' lang='lat' dir='ltr'><strong><em>G</em></strong></span> <span class='ocrx_word' id='word_1_253' title='bbox 1417 3428 1424 3444; x_wconf 89' lang='lat'>.</span> <span class='ocrx_word' id='word_1_254' title='bbox 1504 3422 1536 3495; x_wconf 66' lang='grc'><strong><em>1</em></strong></span> <span class='ocrx_word' id='word_1_255' title='bbox 1576 3385 1590 3442; x_wconf 52' lang='lat'>⁴.</span> <span class='ocrx_word' id='word_1_256' title='bbox 1664 3426 1670 3443; x_wconf 94' lang='lat'>.</span> <span class='ocrx_word' id='word_1_257' title='bbox 1740 3421 1799 3495; x_wconf 80' lang='grc' dir='ltr'><em>Μ</em></span> <span class='ocrx_word' id='word_1_258' title='bbox 1848 3421 1875 3493; x_wconf 72' lang='lat' dir='ltr'><em>d</em></span> <span class='ocrx_word' id='word_1_259' title='bbox 1891 3423 1913 3494; x_wconf 71' lang='lat' dir='ltr'><em>b</em></span> <span class='ocrx_word' id='word_1_260' title='bbox 2209 3422 2217 3439; x_wconf 90' lang='lat'>.</span> 
     </span>
    </p>

    <p class='ocr_par' dir='ltr' id='par_1_24' title="bbox 207 3424 2247 3566">
     <span class='ocr_line' id='line_1_32' title="bbox 207 3424 2247 3566; baseline 0.002 -23"><span class='ocrx_word' id='word_1_261' title='bbox 207 3486 262 3543; x_wconf 91' lang='lat' dir='ltr'>ter</span> <span class='ocrx_word' id='word_1_262' title='bbox 277 3473 422 3542; x_wconf 80' lang='lat' dir='ltr'>ferenda</span> <span class='ocrx_word' id='word_1_263' title='bbox 438 3488 531 3546; x_wconf 89' lang='lat' dir='ltr'>sunt.</span> <span class='ocrx_word' id='word_1_264' title='bbox 583 3472 783 3566; x_wconf 77' lang='lat' dir='ltr'>Sequemur</span> <span class='ocrx_word' id='word_1_265' title='bbox 798 3476 905 3562; x_wconf 84' lang='lat' dir='ltr'>igitur</span> <span class='ocrx_word' id='word_1_266' title='bbox 920 3477 958 3543; x_wconf 92' lang='lat' dir='ltr'>in</span> <span class='ocrx_word' id='word_1_267' title='bbox 975 3479 1202 3546; x_wconf 88' lang='lat' dir='ltr'>deliberatio·</span> <span class='ocrx_word' id='word_1_268' title='bbox 1294 3452 1452 3523; x_wconf 58' lang='lat' dir='ltr'><strong><em>⁶⁰rg¹⁰</em></strong></span> <span class='ocrx_word' id='word_1_269' title='bbox 1478 3425 1509 3497; x_wconf 58' lang='lat' dir='ltr'>&#39;n</span> <span class='ocrx_word' id='word_1_270' title='bbox 1540 3452 1681 3497; x_wconf 59' lang='lat' dir='ltr'>‘mm’</span> <span class='ocrx_word' id='word_1_271' title='bbox 1721 3433 1741 3519; x_wconf 74' lang='grc'><em>(</em></span> <span class='ocrx_word' id='word_1_272' title='bbox 1794 3450 1845 3519; x_wconf 62' lang='lat'>⁰5⁷</span> <span class='ocrx_word' id='word_1_273' title='bbox 1874 3450 1889 3494; x_wconf 54' lang='grc' dir='ltr'><strong><em>ι</em></strong></span> <span class='ocrx_word' id='word_1_274' title='bbox 1917 3448 2031 3519; x_wconf 54' lang='grc' dir='ltr'>ΜΨ</span> <span class='ocrx_word' id='word_1_275' title='bbox 2053 3424 2247 3514; x_wconf 58' lang='lat' dir='ltr'><em>versam)</em></span> 
     </span>
    </p>

    <p class='ocr_par' dir='ltr' id='par_1_25' title="bbox 206 3560 2251 3670">
     <span class='ocr_line' id='line_1_33' title="bbox 206 3560 2251 3670; baseline -0.002 -25"><span class='ocrx_word' id='word_1_276' title='bbox 206 3576 313 3645; x_wconf 87' lang='lat' dir='ltr'>nibus</span> <span class='ocrx_word' id='word_1_277' title='bbox 342 3576 498 3665; x_wconf 90' lang='lat' dir='ltr'>primum</span> <span class='ocrx_word' id='word_1_278' title='bbox 521 3572 670 3645; x_wconf 89' lang='lat' dir='ltr'>honesta</span> <span class='ocrx_word' id='word_1_279' title='bbox 694 3576 861 3662; x_wconf 87' lang='lat' dir='ltr'>consilia,</span> <span class='ocrx_word' id='word_1_280' title='bbox 895 3579 1202 3670; x_wconf 84' lang='lat' dir='ltr'>deindepericula</span> <span class='ocrx_word' id='word_1_281' title='bbox 1247 3560 1294 3650; x_wconf 82' lang='lat' dir='ltr'>S</span> <span class='ocrx_word' id='word_1_282' title='bbox 1309 3578 1354 3651; x_wconf 91' lang='lat' dir='ltr'>D.</span> <span class='ocrx_word' id='word_1_283' title='bbox 1377 3574 1745 3665; x_wconf 86' lang='lat' dir='ltr'>CharissimeGeorgi.</span> <span class='ocrx_word' id='word_1_284' title='bbox 1766 3575 1874 3645; x_wconf 88' lang='lat' dir='ltr'>Mitto</span> <span class='ocrx_word' id='word_1_285' title='bbox 1889 3576 1954 3643; x_wconf 90' lang='lat' dir='ltr'>tibi</span> <span class='ocrx_word' id='word_1_286' title='bbox 1972 3567 2251 3643; x_wconf 83' lang='lat' dir='ltr'>literasBaum-</span> 
     </span>
    </p>

    <p class='ocr_par' dir='ltr' id='par_1_26' title="bbox 107 3675 2251 3775">
     <span class='ocr_line' id='line_1_34' title="bbox 107 3675 2251 3775; baseline 0.001 -34"><span class='ocrx_word' id='word_1_287' title='bbox 107 3735 111 3741; x_wconf 87' lang='lat'>.</span> <span class='ocrx_word' id='word_1_288' title='bbox 207 3677 432 3746; x_wconf 87' lang='lat' dir='ltr'>mediocriter</span> <span class='ocrx_word' id='word_1_289' title='bbox 461 3679 735 3768; x_wconf 90' lang='lat' dir='ltr'>prospiciamus,</span> <span class='ocrx_word' id='word_1_290' title='bbox 769 3703 833 3747; x_wconf 92' lang='lat' dir='ltr'>nec</span> <span class='ocrx_word' id='word_1_291' title='bbox 856 3681 977 3748; x_wconf 93' lang='lat' dir='ltr'>omnia</span> <span class='ocrx_word' id='word_1_292' title='bbox 1003 3682 1203 3772; x_wconf 89' lang='lat' dir='ltr'>praevideri</span> <span class='ocrx_word' id='word_1_293' title='bbox 1245 3678 1435 3775; x_wconf 81' lang='lat' dir='ltr'>gartneri,</span> <span class='ocrx_word' id='word_1_294' title='bbox 1468 3687 1557 3773; x_wconf 77' lang='lat' dir='ltr'>qu&#39;ae</span> <span class='ocrx_word' id='word_1_295' title='bbox 1579 3691 1770 3762; x_wconf 87' lang='lat' dir='ltr'>testantur,</span> <span class='ocrx_word' id='word_1_296' title='bbox 1804 3675 1871 3746; x_wconf 88' lang='lat' dir='ltr'>tibi</span> <span class='ocrx_word' id='word_1_297' title='bbox 1890 3675 2181 3745; x_wconf 88' lang='lat' dir='ltr'>deliberationem</span> <span class='ocrx_word' id='word_1_298' title='bbox 2201 3677 2251 3746; x_wconf 90' lang='lat' dir='ltr'>de</span> 
     </span>
    </p>

    <p class='ocr_par' dir='ltr' id='par_1_27' title="bbox 205 3773 2250 3872">
     <span class='ocr_line' id='line_1_35' title="bbox 205 3773 2250 3872; baseline -0 -25"><span class='ocrx_word' id='word_1_299' title='bbox 205 3801 306 3868; x_wconf 88' lang='lat' dir='ltr'>posse</span> <span class='ocrx_word' id='word_1_300' title='bbox 335 3779 739 3872; x_wconf 77' lang='lat' dir='ltr'>cogitemus,.cumque</span> <span class='ocrx_word' id='word_1_301' title='bbox 770 3782 1015 3867; x_wconf 87' lang='lat' dir='ltr'>statuerimus,</span> <span class='ocrx_word' id='word_1_302' title='bbox 1056 3799 1202 3853; x_wconf 85' lang='lat' dir='ltr'>eventus</span> <span class='ocrx_word' id='word_1_303' title='bbox 1247 3783 1457 3871; x_wconf 87' lang='lat' dir='ltr'>migratione</span> <span class='ocrx_word' id='word_1_304' title='bbox 1488 3784 1525 3849; x_wconf 92' lang='lat' dir='ltr'>in</span> <span class='ocrx_word' id='word_1_305' title='bbox 1551 3773 1853 3848; x_wconf 80' lang='lat' dir='ltr'>Patriamadhuc</span> <span class='ocrx_word' id='word_1_306' title='bbox 1882 3780 2055 3867; x_wconf 83' lang='lat' dir='ltr'>integram</span> <span class='ocrx_word' id='word_1_307' title='bbox 2087 3799 2181 3861; x_wconf 88' lang='lat' dir='ltr'>esse,</span> <span class='ocrx_word' id='word_1_308' title='bbox 2215 3777 2250 3846; x_wconf 89' lang='lat' dir='ltr'>si</span> 
     </span>
    </p>

    <p class='ocr_par' dir='ltr' id='par_1_28' title="bbox 205 3876 2252 3979">
     <span class='ocr_line' id='line_1_36' title="bbox 205 3876 2252 3979; baseline -0.002 -28"><span class='ocrx_word' id='word_1_309' title='bbox 205 3877 281 3951; x_wconf 89' lang='lat' dir='ltr'>Deo</span> <span class='ocrx_word' id='word_1_310' title='bbox 306 3883 604 3950; x_wconf 88' lang='lat' dir='ltr'>commendemus.</span> <span class='ocrx_word' id='word_1_311' title='bbox 671 3880 754 3950; x_wconf 91' lang='lat' dir='ltr'>Non</span> <span class='ocrx_word' id='word_1_312' title='bbox 779 3883 863 3952; x_wconf 89' lang='lat' dir='ltr'>licet</span> <span class='ocrx_word' id='word_1_313' title='bbox 885 3886 1003 3952; x_wconf 89' lang='lat' dir='ltr'>deesse</span> <span class='ocrx_word' id='word_1_314' title='bbox 1024 3881 1203 3971; x_wconf 87' lang='lat' dir='ltr'>Ecclesiis,</span> <span class='ocrx_word' id='word_1_315' title='bbox 1249 3907 1394 3979; x_wconf 89' lang='lat' dir='ltr'>quaeres</span> <span class='ocrx_word' id='word_1_316' title='bbox 1409 3884 1476 3954; x_wconf 90' lang='lat' dir='ltr'>tibi</span> <span class='ocrx_word' id='word_1_317' title='bbox 1492 3896 1526 3952; x_wconf 90' lang='lat' dir='ltr'>et</span> <span class='ocrx_word' id='word_1_318' title='bbox 1541 3881 1663 3950; x_wconf 91' lang='lat' dir='ltr'>liberis</span> <span class='ocrx_word' id='word_1_319' title='bbox 1676 3876 1871 3970; x_wconf 92' lang='lat' dir='ltr'>hospitium</span> <span class='ocrx_word' id='word_1_320' title='bbox 1881 3878 2120 3973; x_wconf 91' lang='lat' dir='ltr'>tranquillius.</span> <span class='ocrx_word' id='word_1_321' title='bbox 2142 3876 2252 3966; x_wconf 87' lang='lat' dir='ltr'>Nam,</span> 
     </span>
    </p>

    <p class='ocr_par' dir='ltr' id='par_1_29' title="bbox 206 3980 2251 4079">
     <span class='ocr_line' id='line_1_37' title="bbox 206 3980 2251 4079; baseline -0.001 -26"><span class='ocrx_word' id='word_1_322' title='bbox 206 3981 344 4053; x_wconf 88' lang='lat' dir='ltr'>etiamsi</span> <span class='ocrx_word' id='word_1_323' title='bbox 360 3982 504 4051; x_wconf 90' lang='lat' dir='ltr'>Turcici</span> <span class='ocrx_word' id='word_1_324' title='bbox 530 3982 702 4051; x_wconf 83' lang='lat' dir='ltr'>exercitus</span> <span class='ocrx_word' id='word_1_325' title='bbox 724 4008 845 4052; x_wconf 92' lang='lat' dir='ltr'>muros</span> <span class='ocrx_word' id='word_1_326' title='bbox 869 4000 1008 4054; x_wconf 89' lang='lat' dir='ltr'>nostros</span> <span class='ocrx_word' id='word_1_327' title='bbox 1025 3988 1202 4056; x_wconf 87' lang='lat' dir='ltr'>circunse-</span> <span class='ocrx_word' id='word_1_328' title='bbox 1248 4001 1434 4079; x_wconf 89' lang='lat' dir='ltr'>postquam</span> <span class='ocrx_word' id='word_1_329' title='bbox 1456 3980 1524 4054; x_wconf 90' lang='lat' dir='ltr'>hae</span> <span class='ocrx_word' id='word_1_330' title='bbox 1547 3983 1709 4073; x_wconf 84' lang='lat' dir='ltr'>regiones</span> <span class='ocrx_word' id='word_1_331' title='bbox 1724 3982 1821 4051; x_wconf 91' lang='lat' dir='ltr'>civili</span> <span class='ocrx_word' id='word_1_332' title='bbox 1837 4007 1961 4051; x_wconf 88' lang='lat' dir='ltr'>cruore</span> <span class='ocrx_word' id='word_1_333' title='bbox 1980 3981 2135 4072; x_wconf 89' lang='lat' dir='ltr'>pollutae</span> <span class='ocrx_word' id='word_1_334' title='bbox 2150 3995 2251 4068; x_wconf 84' lang='lat' dir='ltr'>sunt,</span> 
     </span>
    </p>

    <p class='ocr_par' dir='ltr' id='par_1_30' title="bbox 206 4080 2249 4181">
     <span class='ocr_line' id='line_1_38' title="bbox 206 4080 2249 4181; baseline -0.001 -27"><span class='ocrx_word' id='word_1_335' title='bbox 206 4085 340 4155; x_wconf 82' lang='lat' dir='ltr'>decent.</span> <span class='ocrx_word' id='word_1_336' title='bbox 373 4080 450 4180; x_wconf 83' lang='lat' dir='ltr'>Ego</span> <span class='ocrx_word' id='word_1_337' title='bbox 465 4084 624 4176; x_wconf 90' lang='lat' dir='ltr'>utrisque</span> <span class='ocrx_word' id='word_1_338' title='bbox 643 4085 691 4155; x_wconf 91' lang='lat' dir='ltr'>ita</span> <span class='ocrx_word' id='word_1_339' title='bbox 706 4088 890 4175; x_wconf 84' lang='lat' dir='ltr'>respondi,</span> <span class='ocrx_word' id='word_1_340' title='bbox 912 4085 1200 4178; x_wconf 86' lang='lat' dir='ltr'>Noribergensib.</span> <span class='ocrx_word' id='word_1_341' title='bbox 1248 4082 1338 4181; x_wconf 77' lang='lat' dir='ltr'>quae</span> <span class='ocrx_word' id='word_1_342' title='bbox 1360 4112 1438 4179; x_wconf 89' lang='lat' dir='ltr'>spes</span> <span class='ocrx_word' id='word_1_343' title='bbox 1460 4099 1575 4177; x_wconf 88' lang='lat' dir='ltr'>potest</span> <span class='ocrx_word' id='word_1_344' title='bbox 1599 4108 1671 4154; x_wconf 85' lang='lat' dir='ltr'>esse</span> <span class='ocrx_word' id='word_1_345' title='bbox 1698 4084 1816 4174; x_wconf 78' lang='lat' dir='ltr'>pacis?</span> <span class='ocrx_word' id='word_1_346' title='bbox 1866 4081 1915 4154; x_wconf 88' lang='lat' dir='ltr'>Et</span> <span class='ocrx_word' id='word_1_347' title='bbox 1939 4098 2052 4154; x_wconf 87' lang='lat' dir='ltr'>errata</span> <span class='ocrx_word' id='word_1_348' title='bbox 2074 4083 2249 4153; x_wconf 91' lang='lat' dir='ltr'>consilio-</span> 
     </span>
    </p>

    <p class='ocr_par' dir='ltr' id='par_1_31' title="bbox 207 4181 2251 4282">
     <span class='ocr_line' id='line_1_39' title="bbox 207 4181 2251 4282; baseline -0 -27"><span class='ocrx_word' id='word_1_349' title='bbox 207 4200 242 4255; x_wconf 89' lang='lat' dir='ltr'>et</span> <span class='ocrx_word' id='word_1_350' title='bbox 255 4184 538 4269; x_wconf 85' lang='lat' dir='ltr'>Vratislavianis‚</span> <span class='ocrx_word' id='word_1_351' title='bbox 561 4198 600 4254; x_wconf 91' lang='lat' dir='ltr'>ut</span> <span class='ocrx_word' id='word_1_352' title='bbox 617 4183 871 4256; x_wconf 41' lang='lat' dir='ltr'>omniafadhuc</span> <span class='ocrx_word' id='word_1_353' title='bbox 886 4189 952 4257; x_wconf 91' lang='lat' dir='ltr'>tibi</span> <span class='ocrx_word' id='word_1_354' title='bbox 969 4189 1103 4277; x_wconf 83' lang='lat' dir='ltr'>integra</span> <span class='ocrx_word' id='word_1_355' title='bbox 1119 4191 1202 4262; x_wconf 87' lang='lat' dir='ltr'>sint.</span> <span class='ocrx_word' id='word_1_356' title='bbox 1248 4216 1328 4260; x_wconf 92' lang='lat' dir='ltr'>rum</span> <span class='ocrx_word' id='word_1_357' title='bbox 1351 4193 1445 4281; x_wconf 88' lang='lat' dir='ltr'>apud</span> <span class='ocrx_word' id='word_1_358' title='bbox 1471 4203 1612 4259; x_wconf 89' lang='lat' dir='ltr'>nostros</span> <span class='ocrx_word' id='word_1_359' title='bbox 1631 4181 1885 4282; x_wconf 78' lang='grc' dir='ltr'><em>προσημασίαι</em></span> <span class='ocrx_word' id='word_1_360' title='bbox 1901 4199 1984 4255; x_wconf 89' lang='lat' dir='ltr'>sunt</span> <span class='ocrx_word' id='word_1_361' title='bbox 1998 4185 2096 4254; x_wconf 90' lang='lat' dir='ltr'>velut</span> <span class='ocrx_word' id='word_1_362' title='bbox 2108 4197 2251 4276; x_wconf 89' lang='lat' dir='ltr'>tempe-</span> 
     </span>
    </p>

    <p class='ocr_par' dir='ltr' id='par_1_32' title="bbox 123 4281 2250 4386">
     <span class='ocr_line' id='line_1_40' title="bbox 123 4281 2250 4386; baseline -0 -29"><span class='ocrx_word' id='word_1_363' title='bbox 123 4347 124 4351; x_wconf 63' lang='grc'>,</span> <span class='ocrx_word' id='word_1_364' title='bbox 204 4285 309 4359; x_wconf 88' lang='lat' dir='ltr'>Potes</span> <span class='ocrx_word' id='word_1_365' title='bbox 325 4287 434 4377; x_wconf 87' lang='lat' dir='ltr'>igitur</span> <span class='ocrx_word' id='word_1_366' title='bbox 449 4282 580 4358; x_wconf 89' lang='lat' dir='ltr'>habere</span> <span class='ocrx_word' id='word_1_367' title='bbox 596 4281 770 4383; x_wconf 73' lang='grc' dir='ltr'><strong><em>δευτέρας</em></strong></span> <span class='ocrx_word' id='word_1_368' title='bbox 785 4285 1000 4385; x_wconf 72' lang='grc' dir='ltr'><strong>φροντίδας.</strong></span> <span class='ocrx_word' id='word_1_369' title='bbox 1027 4289 1104 4381; x_wconf 83' lang='lat' dir='ltr'>Ego</span> <span class='ocrx_word' id='word_1_370' title='bbox 1122 4294 1202 4386; x_wconf 93' lang='lat' dir='ltr'>qui-</span> <span class='ocrx_word' id='word_1_371' title='bbox 1248 4305 1388 4371; x_wconf 87' lang='lat' dir='ltr'>statum.</span> <span class='ocrx_word' id='word_1_372' title='bbox 1456 4290 1563 4360; x_wconf 77' lang='lat' dir='ltr'>Posse</span> <span class='ocrx_word' id='word_1_373' title='bbox 1596 4303 1715 4358; x_wconf 83' lang='lat' dir='ltr'>autom</span> <span class='ocrx_word' id='word_1_374' title='bbox 1748 4288 1932 4380; x_wconf 88' lang='lat' dir='ltr'>aliquanto</span> <span class='ocrx_word' id='word_1_375' title='bbox 1966 4300 2046 4378; x_wconf 91' lang='lat' dir='ltr'>post</span> <span class='ocrx_word' id='word_1_376' title='bbox 2071 4286 2250 4357; x_wconf 86' lang='lat' dir='ltr'>familiam</span> 
     </span>
    </p>

    <p class='ocr_par' dir='ltr' id='par_1_33' title="bbox 204 4385 2249 4478">
     <span class='ocr_line' id='line_1_41' title="bbox 204 4385 2249 4478; baseline 0 -18"><span class='ocrx_word' id='word_1_377' title='bbox 204 4390 285 4460; x_wconf 92' lang='lat' dir='ltr'>dem</span> <span class='ocrx_word' id='word_1_378' title='bbox 300 4391 510 4460; x_wconf 81' lang='lat' dir='ltr'>anteferrem</span> <span class='ocrx_word' id='word_1_379' title='bbox 527 4386 781 4478; x_wconf 83' lang='lat' dir='ltr'>Noribergam,</span> <span class='ocrx_word' id='word_1_380' title='bbox 805 4394 866 4460; x_wconf 91' lang='lat' dir='ltr'>sed</span> <span class='ocrx_word' id='word_1_381' title='bbox 882 4394 949 4464; x_wconf 89' lang='lat' dir='ltr'>tibi</span> <span class='ocrx_word' id='word_1_382' title='bbox 964 4418 1039 4461; x_wconf 91' lang='lat' dir='ltr'>non</span> <span class='ocrx_word' id='word_1_383' title='bbox 1057 4395 1132 4464; x_wconf 86' lang='lat' dir='ltr'>fero</span> <span class='ocrx_word' id='word_1_384' title='bbox 1149 4396 1201 4464; x_wconf 89' lang='lat' dir='ltr'>le·</span> <span class='ocrx_word' id='word_1_385' title='bbox 1248 4388 1446 4475; x_wconf 86' lang='lat' dir='ltr'>transvehi,</span> <span class='ocrx_word' id='word_1_386' title='bbox 1481 4391 1683 4465; x_wconf 90' lang='lat' dir='ltr'>ratiocinor.</span> <span class='ocrx_word' id='word_1_387' title='bbox 1748 4385 1788 4463; x_wconf 86' lang='lat' dir='ltr'><em>V</em></span> <span class='ocrx_word' id='word_1_388' title='bbox 1787 4388 1895 4475; x_wconf 83' lang='lat' dir='ltr'>itum,</span> <span class='ocrx_word' id='word_1_389' title='bbox 1924 4391 2054 4474; x_wconf 91' lang='lat' dir='ltr'>miror,</span> <span class='ocrx_word' id='word_1_390' title='bbox 2081 4401 2153 4458; x_wconf 87' lang='lat' dir='ltr'>tam</span> <span class='ocrx_word' id='word_1_391' title='bbox 2179 4389 2249 4461; x_wconf 90' lang='lat' dir='ltr'>diu</span> 
     </span>
    </p>

    <p class='ocr_par' dir='ltr' id='par_1_34' title="bbox 203 4487 2250 4587">
     <span class='ocr_line' id='line_1_42' title="bbox 203 4487 2250 4587; baseline 0 -26"><span class='ocrx_word' id='word_1_392' title='bbox 203 4514 281 4580; x_wconf 78' lang='lat' dir='ltr'>ges,</span> <span class='ocrx_word' id='word_1_393' title='bbox 306 4507 341 4562; x_wconf 89' lang='lat' dir='ltr'>et</span> <span class='ocrx_word' id='word_1_394' title='bbox 361 4493 534 4584; x_wconf 82' lang='lat' dir='ltr'>optarim,</span> <span class='ocrx_word' id='word_1_395' title='bbox 567 4492 706 4562; x_wconf 91' lang='lat' dir='ltr'>consuli</span> <span class='ocrx_word' id='word_1_396' title='bbox 728 4517 829 4584; x_wconf 91' lang='lat' dir='ltr'>posse</span> <span class='ocrx_word' id='word_1_397' title='bbox 844 4492 1012 4565; x_wconf 88' lang='lat' dir='ltr'>Ecclesiis</span> <span class='ocrx_word' id='word_1_398' title='bbox 1027 4495 1200 4570; x_wconf 87' lang='lat' dir='ltr'>Slesiacis.</span> <span class='ocrx_word' id='word_1_399' title='bbox 1247 4498 1385 4576; x_wconf 88' lang='lat' dir='ltr'>abesse,</span> <span class='ocrx_word' id='word_1_400' title='bbox 1420 4519 1500 4566; x_wconf 91' lang='lat' dir='ltr'>cum</span> <span class='ocrx_word' id='word_1_401' title='bbox 1525 4494 1670 4587; x_wconf 91' lang='lat' dir='ltr'>quidem</span> <span class='ocrx_word' id='word_1_402' title='bbox 1692 4489 1851 4582; x_wconf 90' lang='lat' dir='ltr'>Lipsiam</span> <span class='ocrx_word' id='word_1_403' title='bbox 1873 4493 2045 4562; x_wconf 89' lang='lat' dir='ltr'>exercitus</span> <span class='ocrx_word' id='word_1_404' title='bbox 2065 4487 2250 4562; x_wconf 83' lang='lat' dir='ltr'>Electoris</span> 
     </span>
    </p>

    <p class='ocr_par' dir='ltr' id='par_1_35' title="bbox 202 4591 2251 4692">
     <span class='ocr_line' id='line_1_43' title="bbox 202 4591 2251 4692; baseline 0.001 -29"><span class='ocrx_word' id='word_1_405' title='bbox 202 4591 300 4663; x_wconf 87' lang='lat' dir='ltr'>Deus</span> <span class='ocrx_word' id='word_1_406' title='bbox 317 4609 415 4684; x_wconf 78' lang='lat' dir='ltr'>regat</span> <span class='ocrx_word' id='word_1_407' title='bbox 428 4609 582 4667; x_wconf 91' lang='lat' dir='ltr'>mentem</span> <span class='ocrx_word' id='word_1_408' title='bbox 596 4609 713 4679; x_wconf 92' lang='lat' dir='ltr'>tuam,</span> <span class='ocrx_word' id='word_1_409' title='bbox 732 4608 773 4664; x_wconf 94' lang='lat' dir='ltr'>ut</span> <span class='ocrx_word' id='word_1_410' title='bbox 790 4609 938 4678; x_wconf 85' lang='lat' dir='ltr'>statuas,</span> <span class='ocrx_word' id='word_1_411' title='bbox 965 4601 1062 4691; x_wconf 92' lang='lat' dir='ltr'>quod</span> <span class='ocrx_word' id='word_1_412' title='bbox 1076 4595 1201 4668; x_wconf 86' lang='lat' dir='ltr'>Eccle-</span> <span class='ocrx_word' id='word_1_413' title='bbox 1245 4598 1448 4692; x_wconf 89' lang='lat' dir='ltr'>reliquerit,</span> <span class='ocrx_word' id='word_1_414' title='bbox 1481 4619 1571 4690; x_wconf 89' lang='lat' dir='ltr'>quae</span> <span class='ocrx_word' id='word_1_415' title='bbox 1598 4618 1653 4663; x_wconf 89' lang='lat' dir='ltr'>res</span> <span class='ocrx_word' id='word_1_416' title='bbox 1674 4618 1839 4685; x_wconf 86' lang='lat' dir='ltr'>magnam</span> <span class='ocrx_word' id='word_1_417' title='bbox 1855 4618 1976 4665; x_wconf 90' lang='lat' dir='ltr'>rursus</span> <span class='ocrx_word' id='word_1_418' title='bbox 1992 4592 2077 4664; x_wconf 93' lang='lat' dir='ltr'>belli</span> <span class='ocrx_word' id='word_1_419' title='bbox 2093 4616 2251 4665; x_wconf 89' lang='lat' dir='ltr'>conver-</span> 
     </span>
    </p>

    <p class='ocr_par' dir='ltr' id='par_1_36' title="bbox 184 4687 2251 4878">
     <span class='ocr_line' id='line_1_44' title="bbox 184 4687 2251 4786; baseline 0.003 -22"><span class='ocrx_word' id='word_1_420' title='bbox 184 4687 275 4766; x_wconf 83' lang='lat' dir='ltr'>&#39;siae</span> <span class='ocrx_word' id='word_1_421' title='bbox 290 4708 325 4764; x_wconf 90' lang='lat' dir='ltr'>ct</span> <span class='ocrx_word' id='word_1_422' title='bbox 340 4696 409 4766; x_wconf 91' lang='lat' dir='ltr'>tibi</span> <span class='ocrx_word' id='word_1_423' title='bbox 425 4696 580 4768; x_wconf 87' lang='lat' dir='ltr'>faustum</span> <span class='ocrx_word' id='word_1_424' title='bbox 596 4710 631 4766; x_wconf 90' lang='lat' dir='ltr'>et</span> <span class='ocrx_word' id='word_1_425' title='bbox 646 4697 732 4766; x_wconf 87' lang='lat' dir='ltr'>felix</span> <span class='ocrx_word' id='word_1_426' title='bbox 750 4697 828 4769; x_wconf 89' lang='lat' dir='ltr'>erit.</span> <span class='ocrx_word' id='word_1_427' title='bbox 1245 4702 1381 4770; x_wconf 91' lang='lat' dir='ltr'>sionem</span> <span class='ocrx_word' id='word_1_428' title='bbox 1406 4701 1541 4768; x_wconf 83' lang='lat' dir='ltr'>lactura</span> <span class='ocrx_word' id='word_1_429' title='bbox 1563 4710 1718 4786; x_wconf 86' lang='lat' dir='ltr'>putatur.</span> <span class='ocrx_word' id='word_1_430' title='bbox 1771 4694 1880 4765; x_wconf 91' lang='lat' dir='ltr'>Brevi</span> <span class='ocrx_word' id='word_1_431' title='bbox 1902 4698 1946 4766; x_wconf 87' lang='lat' dir='ltr'>ad</span> <span class='ocrx_word' id='word_1_432' title='bbox 1969 4719 2032 4765; x_wconf 89' lang='lat' dir='ltr'>vos</span> <span class='ocrx_word' id='word_1_433' title='bbox 2047 4719 2251 4772; x_wconf 82' lang='lat' dir='ltr'>excurram.</span> 
     </span>
     <span class='ocr_line' id='line_1_45' title="bbox 278 4789 1638 4878; baseline 0 -12"><span class='ocrx_word' id='word_1_434' title='bbox 278 4795 387 4866; x_wconf 91' lang='lat' dir='ltr'>Mitto</span> <span class='ocrx_word' id='word_1_435' title='bbox 407 4797 474 4866; x_wconf 89' lang='lat' dir='ltr'>tibi</span> <span class='ocrx_word' id='word_1_436' title='bbox 489 4799 695 4873; x_wconf 87' lang='lat' dir='ltr'>fasciculum</span> <span class='ocrx_word' id='word_1_437' title='bbox 712 4799 895 4868; x_wconf 89' lang='lat' dir='ltr'>literarum</span> <span class='ocrx_word' id='word_1_438' title='bbox 912 4800 1069 4870; x_wconf 91' lang='lat' dir='ltr'>dandum</span> <span class='ocrx_word' id='word_1_439' title='bbox 1085 4789 1199 4870; x_wconf 79' lang='lat' dir='ltr'>Chri.</span> <span class='ocrx_word' id='word_1_440' title='bbox 1244 4800 1284 4876; x_wconf 92' lang='lat' dir='ltr'>B.</span> <span class='ocrx_word' id='word_1_441' title='bbox 1303 4802 1346 4878; x_wconf 89' lang='lat' dir='ltr'>V.</span> <span class='ocrx_word' id='word_1_442' title='bbox 1397 4800 1465 4872; x_wconf 90' lang='lat' dir='ltr'>Die</span> <span class='ocrx_word' id='word_1_443' title='bbox 1482 4800 1543 4874; x_wconf 75' lang='lat'>29.</span> <span class='ocrx_word' id='word_1_444' title='bbox 1563 4797 1638 4867; x_wconf 91' lang='lat' dir='ltr'>lan.</span> 
     </span>
    </p>

    <p class='ocr_par' dir='ltr' id='par_1_37' title="bbox 201 4891 2196 5093">
     <span class='ocr_line' id='line_1_46' title="bbox 201 4891 2196 4994; baseline 0.002 -26"><span class='ocrx_word' id='word_1_445' title='bbox 201 4897 327 4970; x_wconf 74' lang='lat' dir='ltr'>eliano</span> <span class='ocrx_word' id='word_1_446' title='bbox 342 4891 534 4984; x_wconf 73' lang='lat' dir='ltr'>Pontum,</span> <span class='ocrx_word' id='word_1_447' title='bbox 562 4924 668 4992; x_wconf 90' lang='lat' dir='ltr'>quem</span> <span class='ocrx_word' id='word_1_448' title='bbox 684 4901 762 4972; x_wconf 88' lang='lat' dir='ltr'>istic</span> <span class='ocrx_word' id='word_1_449' title='bbox 776 4901 847 4969; x_wconf 93' lang='lat' dir='ltr'>iam</span> <span class='ocrx_word' id='word_1_450' title='bbox 862 4924 935 4968; x_wconf 91' lang='lat' dir='ltr'>esse</span> <span class='ocrx_word' id='word_1_451' title='bbox 950 4903 1116 4976; x_wconf 88' lang='lat' dir='ltr'>arbitror.</span> <span class='ocrx_word' id='word_1_452' title='bbox 1764 4895 1952 4994; x_wconf 88' lang='lat' dir='ltr'>Philippus</span> <span class='ocrx_word' id='word_1_453' title='bbox 1965 4893 2196 4971; x_wconf 85' lang='lat' dir='ltr'>Melanthon.</span> 
     </span>
     <span class='ocr_line' id='line_1_47' title="bbox 275 4992 1463 5093; baseline 0.002 -21"><span class='ocrx_word' id='word_1_454' title='bbox 275 5000 409 5072; x_wconf 88' lang='lat' dir='ltr'>Missus</span> <span class='ocrx_word' id='word_1_455' title='bbox 431 5016 482 5072; x_wconf 91' lang='lat' dir='ltr'>est</span> <span class='ocrx_word' id='word_1_456' title='bbox 504 4997 562 5072; x_wconf 89' lang='lat' dir='ltr'>hic</span> <span class='ocrx_word' id='word_1_457' title='bbox 579 5002 766 5072; x_wconf 88' lang='lat' dir='ltr'>fasciculus</span> <span class='ocrx_word' id='word_1_458' title='bbox 785 5028 825 5072; x_wconf 91' lang='lat' dir='ltr'>ex</span> <span class='ocrx_word' id='word_1_459' title='bbox 840 4999 1042 5093; x_wconf 88' lang='lat' dir='ltr'>Erphordia</span> <span class='ocrx_word' id='word_1_460' title='bbox 1059 5007 1104 5073; x_wconf 88' lang='lat' dir='ltr'>ad</span> <span class='ocrx_word' id='word_1_461' title='bbox 1120 4992 1198 5074; x_wconf 81' lang='lat' dir='ltr'>Co·</span> <span class='ocrx_word' id='word_1_462' title='bbox 1436 5043 1463 5050; x_wconf 76' lang='lat'>.,</span> 
     </span>
    </p>

    <p class='ocr_par' dir='ltr' id='par_1_38' title="bbox 200 5102 1750 5196">
     <span class='ocr_line' id='line_1_48' title="bbox 200 5102 1750 5196; baseline 0.003 -25"><span class='ocrx_word' id='word_1_463' title='bbox 200 5102 409 5179; x_wconf 70' lang='lat' dir='ltr'>mererium.</span> <span class='ocrx_word' id='word_1_464' title='bbox 459 5103 551 5174; x_wconf 91' lang='lat' dir='ltr'>Nam</span> <span class='ocrx_word' id='word_1_465' title='bbox 564 5104 700 5173; x_wconf 80' lang='lat' dir='ltr'>familia</span> <span class='ocrx_word' id='word_1_466' title='bbox 714 5102 909 5175; x_wconf 90' lang='lat' dir='ltr'>Camerarii</span> <span class='ocrx_word' id='word_1_467' title='bbox 925 5129 1021 5175; x_wconf 91' lang='lat' dir='ltr'>nunc</span> <span class='ocrx_word' id='word_1_468' title='bbox 1035 5102 1196 5196; x_wconf 67' lang='lat' dir='ltr'>Erphor=</span> <span class='ocrx_word' id='word_1_469' title='bbox 1277 5131 1304 5188; x_wconf 79' lang='lat' dir='ltr'>n</span> <span class='ocrx_word' id='word_1_470' title='bbox 1326 5129 1395 5184; x_wconf 79' lang='lat' dir='ltr'>cod.</span> <span class='ocrx_word' id='word_1_471' title='bbox 1408 5127 1494 5182; x_wconf 76' lang='lat' dir='ltr'>Goth.</span> <span class='ocrx_word' id='word_1_472' title='bbox 1509 5127 1570 5180; x_wconf 80' lang='lat' dir='ltr'>tot.</span> <span class='ocrx_word' id='word_1_473' title='bbox 1586 5125 1750 5179; x_wconf 70' lang='lat' dir='ltr'>carissime.</span> 
     </span>
    </p>

    <p class='ocr_par' dir='ltr' id='par_1_39' title="bbox 199 5202 1786 5296">
     <span class='ocr_line' id='line_1_49' title="bbox 199 5202 1786 5296; baseline 0.004 -22"><span class='ocrx_word' id='word_1_474' title='bbox 199 5205 278 5275; x_wconf 88' lang='lat' dir='ltr'>diae</span> <span class='ocrx_word' id='word_1_475' title='bbox 303 5221 366 5279; x_wconf 88' lang='lat' dir='ltr'>est.</span> <span class='ocrx_word' id='word_1_476' title='bbox 418 5205 641 5296; x_wconf 84' lang='lat' dir='ltr'>Siguilicabis</span> <span class='ocrx_word' id='word_1_477' title='bbox 665 5220 780 5276; x_wconf 93' lang='lat' dir='ltr'>autem</span> <span class='ocrx_word' id='word_1_478' title='bbox 799 5202 908 5291; x_wconf 90' lang='lat' dir='ltr'>mihi,</span> <span class='ocrx_word' id='word_1_479' title='bbox 933 5231 980 5276; x_wconf 92' lang='lat' dir='ltr'>an</span> <span class='ocrx_word' id='word_1_480' title='bbox 996 5203 1195 5280; x_wconf 87' lang='lat' dir='ltr'>exhibueris</span> <span class='ocrx_word' id='word_1_481' title='bbox 1274 5216 1303 5281; x_wconf 74' lang='grc'>2)</span> <span class='ocrx_word' id='word_1_482' title='bbox 1322 5212 1489 5269; x_wconf 70' lang='lat' dir='ltr'>codemb.</span> <span class='ocrx_word' id='word_1_483' title='bbox 1504 5214 1565 5266; x_wconf 78' lang='lat'><strong>4⁰¹·</strong></span> <span class='ocrx_word' id='word_1_484' title='bbox 1580 5214 1709 5265; x_wconf 75' lang='lat' dir='ltr'>Boertov.</span> <span class='ocrx_word' id='word_1_485' title='bbox 1776 5281 1786 5288; x_wconf 80' lang='grc'><strong>,</strong></span> 
     </span>
    </p>

    <p class='ocr_par' dir='ltr' id='par_1_40' title="bbox 196 5293 1759 5403">
     <span class='ocr_line' id='line_1_50' title="bbox 196 5293 1759 5403; baseline 0.006 -27"><span class='ocrx_word' id='word_1_486' title='bbox 196 5301 294 5378; x_wconf 90' lang='lat' dir='ltr'>hunc</span> <span class='ocrx_word' id='word_1_487' title='bbox 308 5308 514 5379; x_wconf 82' lang='lat' dir='ltr'>fasciculum</span> <span class='ocrx_word' id='word_1_488' title='bbox 531 5297 753 5377; x_wconf 79' lang='lat' dir='ltr'>Christiano</span> <span class='ocrx_word' id='word_1_489' title='bbox 766 5301 956 5393; x_wconf 80' lang='lat' dir='ltr'>Pontono,</span> <span class='ocrx_word' id='word_1_490' title='bbox 977 5309 1035 5378; x_wconf 90' lang='lat' dir='ltr'>cui</span> <span class='ocrx_word' id='word_1_491' title='bbox 1050 5311 1194 5403; x_wconf 90' lang='lat' dir='ltr'>quidem</span> <span class='ocrx_word' id='word_1_492' title='bbox 1228 5327 1236 5336; x_wconf 82' lang='grc'><strong>“</strong></span> <span class='ocrx_word' id='word_1_493' title='bbox 1252 5381 1257 5385; x_wconf 82' lang='grc'><strong>.</strong></span> <span class='ocrx_word' id='word_1_494' title='bbox 1273 5303 1301 5370; x_wconf 75' lang='lat'>³)</span> <span class='ocrx_word' id='word_1_495' title='bbox 1322 5299 1391 5355; x_wconf 64' lang='lat'>⁰⁰⁶·</span> <span class='ocrx_word' id='word_1_496' title='bbox 1405 5297 1488 5353; x_wconf 65' lang='lat'><strong>⁶⁰⁰¹·</strong></span> <span class='ocrx_word' id='word_1_497' title='bbox 1503 5301 1563 5352; x_wconf 69' lang='lat'><strong>⁴⁰¹·</strong></span> <span class='ocrx_word' id='word_1_498' title='bbox 1575 5293 1759 5363; x_wconf 52' lang='lat' dir='ltr'>‘&#39;mm&#39;‘ly·</span> 
     </span>
    </p>
   </div>
   <div class='ocr_carea' id='block_1_12' title="bbox 114 5372 2252 5541">
    <p class='ocr_par' dir='ltr' id='par_1_41' title="bbox 114 5372 2252 5541">
     <span class='ocr_line' id='line_1_51' title="bbox 114 5372 2252 5541; baseline 0.001 -62"><span class='ocrx_word' id='word_1_499' title='bbox 114 5462 116 5467; x_wconf 67' lang='lat'>,</span> <span class='ocrx_word' id='word_1_500' title='bbox 196 5421 231 5479; x_wconf 88' lang='lat' dir='ltr'>et</span> <span class='ocrx_word' id='word_1_501' title='bbox 254 5411 346 5496; x_wconf 43' lang='lat' dir='ltr'>,meis</span> <span class='ocrx_word' id='word_1_502' title='bbox 378 5410 497 5481; x_wconf 84' lang='lat' dir='ltr'>verbis</span> <span class='ocrx_word' id='word_1_503' title='bbox 525 5418 726 5481; x_wconf 88' lang='lat' dir='ltr'>reverenter</span> <span class='ocrx_word' id='word_1_504' title='bbox 747 5413 896 5481; x_wconf 85' lang='lat' dir='ltr'>salutem</span> <span class='ocrx_word' id='word_1_505' title='bbox 920 5411 1025 5481; x_wconf 90' lang='lat' dir='ltr'>dices.</span> <span class='ocrx_word' id='word_1_506' title='bbox 1083 5411 1192 5483; x_wconf 92' lang='lat' dir='ltr'>Mitto</span> <span class='ocrx_word' id='word_1_507' title='bbox 1273 5387 1304 5541; x_wconf 52' lang='lat'>2}</span> <span class='ocrx_word' id='word_1_508' title='bbox 1322 5372 2066 5534; x_wconf 45' lang='lat' dir='ltr'>fflffiwssdwp¹102⁸25⁰2n21722²32727ffwp</span> <span class='ocrx_word' id='word_1_509' title='bbox 2084 5455 2173 5519; x_wconf 53' lang='grc' dir='ltr'>6οή</span> <span class='ocrx_word' id='word_1_510' title='bbox 2185 5461 2252 5517; x_wconf 47' lang='lat'>40¹·</span> 
     </span>
    </p>
   </div>
   <div class='ocr_carea' id='block_1_13' title="bbox 114 5510 1473 5606">
    <p class='ocr_par' dir='ltr' id='par_1_42' title="bbox 114 5510 1473 5606">
     <span class='ocr_line' id='line_1_52' title="bbox 114 5510 1473 5606; baseline 0.005 -23"><span class='ocrx_word' id='word_1_511' title='bbox 114 5578 119 5583; x_wconf 87' lang='lat'>.</span> <span class='ocrx_word' id='word_1_512' title='bbox 194 5510 262 5583; x_wconf 87' lang='lat' dir='ltr'>tibi</span> <span class='ocrx_word' id='word_1_513' title='bbox 276 5511 440 5584; x_wconf 86' lang='lat' dir='ltr'>libellum</span> <span class='ocrx_word' id='word_1_514' title='bbox 455 5534 577 5584; x_wconf 85' lang='lat' dir='ltr'>recens</span> <span class='ocrx_word' id='word_1_515' title='bbox 594 5512 730 5584; x_wconf 86' lang='lat' dir='ltr'>editum</span> <span class='ocrx_word' id='word_1_516' title='bbox 747 5513 994 5606; x_wconf 73' lang='lat' dir='ltr'>Witebergae.</span> <span class='ocrx_word' id='word_1_517' title='bbox 1034 5511 1193 5586; x_wconf 86' lang='lat' dir='ltr'>Salutem</span> <span class='ocrx_word' id='word_1_518' title='bbox 1309 5536 1358 5601; x_wconf 56' lang='lat' dir='ltr'>ab,</span> <span class='ocrx_word' id='word_1_519' title='bbox 1376 5537 1473 5593; x_wconf 58' lang='lat' dir='ltr'>ratze.</span> 
     </span>
    </p>
   </div>
   <div class='ocr_carea' id='block_1_14' title="bbox 1283 2747 1625 2756">
    <p class='ocr_par' dir='ltr' id='par_1_43' title="bbox 1283 2747 1625 2756">
     <span class='ocr_line' id='line_1_53' title="bbox 1283 2747 1625 2756; baseline -0.003 0"><span class='ocrx_word' id='word_1_520' title='bbox 1283 2747 1625 2756; x_wconf 34' lang='lat' dir='ltr'>-.uuus—00*-</span> 
     </span>
    </p>
   </div>
   <div class='ocr_carea' id='block_1_15' title="bbox 1349 3252 1708 3341">
    <p class='ocr_par' dir='ltr' id='par_1_44' title="bbox 1349 3252 1708 3341">
     <span class='ocr_line' id='line_1_54' title="bbox 1349 3252 1708 3341; baseline -0.003 -32"><span class='ocrx_word' id='word_1_521' title='bbox 1349 3252 1708 3341; x_wconf 44' lang='lat' dir='ltr'>fflmfflsspfflm</span> 
     </span>
    </p>
   </div>
   <div class='ocr_carea' id='block_1_16' title="bbox 0 0 2446 6425">
    <p class='ocr_par' dir='ltr' id='par_1_45' title="bbox 0 0 2446 6425">
     <span class='ocr_line' id='line_1_55' title="bbox 0 0 2446 6425; baseline 0 0"><span class='ocrx_word' id='word_1_522' title='bbox 0 0 2446 6425; x_wconf 95' lang='lat' dir='ltr'> </span> 
     </span>
    </p>
   </div>
  </div>
 </body>
</html>
