4882 6426
325 296 403 412 leli

321 469 390 547 No.
407 462 520 544 8695.

330 565 502 601 w

1169 444 1322 579 ier...)

1191 563 1313 589 Μ

714 647 752 737 Ι.
779 646 927 737 lonae.

392 815 416 884 †
433 812 471 875 Ex
488 825 583 885 apogr.
600 808 629 864 iu
648 807 710 864 cod.
729 805 812 865 Goth.
828 808 886 864 191.
907 827 935 881 p.
949 807 1017 864 aab.

610 963 665 1042 D.
693 962 832 1060 Iusto
871 962 1031 1042 Ionae.

323 1089 561 1181 Faustissima
582 1101 676 1186 dies,
715 1124 784 1193 qua
806 1096 964 1170 Ecclesia
986 1101 1138 1170 celebrat
1158 1096 1320 1192 Epipha-

324 1213 398 1293 nia,
422 1230 478 1275 me
493 1207 661 1274 admonet
675 1203 758 1273 anni
777 1202 979 1292 superioris.
1003 1201 1201 1273 Meministi
1213 1204 1320 1288 enim,

326 1339 367 1383 eo
391 1309 448 1378 die
468 1329 533 1375 nos
555 1307 594 1374 in
617 1305 761 1373 aedibus
784 1304 854 1372 tuis
882 1305 1008 1389 fuisse,
1048 1329 1087 1374 ac
1110 1298 1318 1374 Lulherum

326 1412 531 1485 concionem
556 1408 599 1475 de
621 1406 796 1495 baptismo
821 1406 886 1473 filii
908 1404 976 1475 Dei
1009 1407 1113 1476 talem
1141 1403 1318 1493 habuisse,

326 1536 415 1610 quae
437 1510 695 1602 propemodum
717 1530 867 1600 cygnaeo
885 1508 996 1598 ipsius
1015 1509 1129 1579 cantio
1148 1509 1219 1579 dici
1236 1536 1319 1602 pos-

326 1631 389 1689 set.
440 1609 519 1682 Etsi
533 1624 651 1680 autem
665 1633 762 1677 nunc
779 1610 898 1698 magni
916 1612 1089 1681 tumultus
1105 1612 1144 1679 in
1160 1614 1320 1703 republi-

325 1742 365 1790 ca
380 1713 488 1784 secuti
505 1726 599 1795 sunt,
625 1724 742 1780 tamen
758 1705 865 1780 huius
881 1712 990 1802 ipsius
1006 1713 1076 1781 dici
1091 1708 1239 1782 historia
1253 1739 1319 1785 nos

325 1817 566 1898 consolemur,
593 1814 631 1881 in
645 1835 714 1905 qua
728 1809 825 1882 Deus
838 1813 969 1883 illustri
986 1816 1187 1884 testimonio
1204 1838 1240 1884 se
1256 1841 1320 1907 pa-

326 1919 459 1999 tefecit,
487 1940 526 1985 ac
540 1929 685 1986 testatus
701 1927 770 1994 est,
797 1938 833 1983 se
850 1940 931 1985 cura
948 1918 1085 2006 generis
1104 1912 1251 1986 humani
1267 1920 1318 1986 af-

325 2023 394 2095 fici.
445 2017 528 2088 Non
543 2018 651 2107 igitur
672 2016 804 2085 delebit
820 2014 1012 2086 Ecclesiam
1031 2015 1319 2117 γιγαντομαχία,

265 2111 268 2118 ’
326 2148 415 2218 quae
432 2145 526 2190 nunc
542 2141 685 2188 accensa
701 2131 769 2201 est,
802 2130 837 2186 et
853 2120 1038 2188 diabolicis
1057 2122 1191 2191 artibus
1210 2136 1244 2190 et
1262 2145 1319 2217 sy-

325 2220 582 2318 cophantarum
598 2219 822 2312 quorundam
844 2216 989 2292 technis.
1041 2222 1234 2313 Sperabam
1255 2248 1319 2293 au-

325 2345 415 2411 tem,
446 2323 572 2393 teiam
596 2323 640 2390 ad
654 2317 847 2391 Ecclesiam
873 2337 968 2393 tuam
994 2324 1030 2391 in
1051 2323 1183 2394 Salinis
1201 2350 1320 2394 rever-

326 2454 404 2499 sum
424 2449 497 2494 esse
517 2448 597 2493 cum
620 2417 705 2491 haec
731 2423 930 2493 scriberem.
998 2424 1066 2495 Sed
1096 2427 1126 2495 si
1157 2431 1319 2497 nondum

326 2531 472 2611 abiisses
488 2550 528 2594 ex
545 2527 633 2595 urbe
650 2524 872 2620 παρθενοπῇ
882 2520 939 2623 *),
966 2551 1114 2620 quaeso,
1141 2544 1182 2600 ut
1199 2530 1321 2600 litera-

326 2656 407 2704 rum
422 2628 559 2722 aliquid
574 2627 635 2695 des
651 2651 728 2696 meo
750 2629 890 2698 nuntio.
942 2627 1043 2700 Tuae
1064 2655 1119 2700 res
1135 2633 1239 2701 etiam
1254 2657 1322 2703 no-

325 2734 383 2805 bis
400 2754 505 2804 curae
521 2743 636 2802 erunt.
670 2726 711 2802 B.
727 2727 772 2798 V.

331 2969 594 2984 *μ--ο--ι

326 3081 522 3189 naseos.

333 3210 505 3242 Μ

1193 3112 1240 3207 (h.
1259 3122 1302 3200 t.)

710 3293 758 3380 P.
793 3293 943 3376 Ebero.

396 3450 482 3520 Epist.
498 3449 543 3504 lib.
556 3448 602 3531 lli.
621 3468 648 3522 p.
655 3447 717 3504 208.
735 3450 816 3573 Sedit.
831 3451 918 3504 Lond.
931 3449 1036 3506 lih.lll.
1054 3470 1096 3523 ep.
1107 3451 1224 3523 125.).-
1242 3456 1322 3527 Apo·

430 3518 552 3590 graphou
565 3537 594 3572 ru
608 3520 671 3574 cod.
687 3517 743 3573 Got
764 3520 846 3574 .4ot.
864 3538 891 3590 p.
907 3520 934 3574 Ξ.

652 3672 806 3748 Paulo
831 3675 987 3749 Edere

327 3795 436 3883 Unus
458 3814 527 3883 fuit
546 3806 730 3892 Macedo,
770 3817 864 3900 apud
890 3838 995 3903 quern
1024 3814 1136 3883 libere
1160 3811 1252 3883 mihi
1278 3820 1322 3885 de

326 3912 469 4002 Repuh.
485 3909 656 4001 conqueri
679 3910 792 3978 licuit.
846 3908 889 3977 lu
906 3925 1026 3979 nostra
1043 3916 1122 3981 aula
1141 3938 1246 3983 nemo
1263 3932 1323 4001 est,

327 4013 422 4104 apud
440 4035 544 4102 quem
555 4023 630 4078 tuto
642 4034 780 4100 possem
797 4010 906 4079 ullam
918 4013 1020 4079 edere
1032 4016 1247 4082 moderatam
1258 4043 1323 4085 vo-

905 287 1346 368 EPISTOLARUM
1401 291 1510 373 LIB.
1547 293 1594 375 X.
1644 293 1783 378 1647.

2292 304 2376 389 ⁸62

1373 490 1447 537 esse
1461 467 1558 554 Deo,
1583 492 1649 540 nos
1675 471 1840 566 inquam,
1864 474 1927 566 qui
1944 473 2056 545 hlium
2073 474 2276 547 venientem
2291 503 2373 554 non

1372 593 1620 662 aspernamur,
1654 575 1714 644 sed
1736 575 1918 661 audimus,
1951 589 1987 647 et
2009 575 2224 650 utPsalmus
2248 581 2375 678 inquit

1373 667 1597 745 osculamur.
1647 673 1755 746 Hunc
1777 675 1910 747 Filium
1933 674 2001 748 Dei
2021 679 2166 750 fratrem
2192 698 2373 771 nostrum,

1372 798 1411 844 os
1427 798 1468 844 ex
1485 777 1622 848 ossibus
1637 780 1788 864 nostris,
1819 777 1937 852 lesum
1947 776 2141 870 Christum,
2156 808 2220 855 oro
2237 801 2278 859 ut
2292 810 2376 861 ser-

1371 890 1429 947 vet
1447 892 1480 948 te
1496 894 1531 949 et
1548 881 1733 972 coniugem
1749 897 1866 969 tuam,
1900 896 1935 953 et
1956 883 2068 965 filios,
2103 902 2137 957 et
2151 911 2217 958 nos
2241 914 2371 964 omnes

1370 981 1558 1070 gubernet,
1590 998 1720 1054 utnon
1742 985 1867 1057 dubito
1890 987 2096 1057 adfuturum
2111 987 2280 1063 Ecclesiis
2301 1018 2370 1066 no-

1370 1083 1463 1156 stris.
1504 1082 1545 1160 B.
1564 1083 1608 1158 V.

1368 1476 1431 1552 Νι.
1449 1477 1560 1554 3697.

1375 1575 1547 1605 m

2185 1491 2371 1580 (ro-hu)

1709 1649 1753 1738 C.
1788 1651 2028 1768 crucigero.
2183 1585 2361 1655 Q

1437 1807 1523 1879 Epio.
1535 1809 1582 1865 ιιι..
1597 1810 1645 1868 ιιι.
1663 1832 1689 1884 p.
1705 1813 1765 1872 ree.
1787 1814 1864 1879 (edit.
1878 1816 1967 1873 tona.
1982 1816 2084 1874 nuru.
2103 1820 2261 1890 epaon...
2281 1827 2367 1953 Ἣ.

1471 1878 1570 2000 graplhp
1591 1878 1619 1933 iu
1640 1883 1703 1937 cod.
1724 1882 1809 1938 Goth.
1833 1884 1891 1940 191.
1916 1905 1943 1957 p.
1961 1887 2003 1940 77.
2027 1888 2099 1941 etin
2118 1889 2180 1946 cod.
2201 1889 2274 1949 Goth

1472 1964 1498 2016 p.
1572 1987 1581 2004 .

1618 2099 1830 2206 Carpere
1858 2099 2121 2209 Crucigero.

1369 2227 1413 2319 S.
1437 2246 1481 2320 D.
1532 2247 1747 2325 Charissime
1763 2250 1928 2357 Carpat,
1962 2256 2122 2338 πάντοτε
2136 2266 2207 2362 τὴν
2225 2269 2368 2370 νέκρω-

1371 2371 1431 2424 σιν
1450 2355 1520 2423 τοῦ
1536 2350 1670 2450 κυρίου
1691 2358 1800 2451 ῖησοῦ
1825 2361 1866 2435 ἐν
1882 2369 1937 2459 τῷ
1960 2359 2105 2460 σώματι
2121 2371 2367 2472 περιφέρομι-

1369 2454 1426 2525 θα
1436 2449 1474 2546 ¹).
1501 2454 1745 2530 Sustentemus
1758 2477 1875 2533 autem
1890 2491 1956 2537 nos
1969 2470 2368 2552 fiduciamisericordiae

1370 2555 1456 2640 Dei,
1488 2558 1550 2649 qui
1574 2561 1727 2633 affirmat
1749 2587 1785 2633 se
1808 2567 1901 2638 inter
1921 2571 2087 2659 afflictos,
2120 2575 2235 2668 ipsum
2259 2581 2366 2654 invo-

1371 2671 1487 2728 cantes
1510 2655 1680 2732 hahitare.
1745 2658 1775 2762 †
1796 2666 1946 2741 Veniam
1972 2676 2017 2743 ad
2041 2699 2104 2745 vos
2126 2694 2206 2769 post
2227 2687 2367 2776 quatri-

1371 2762 1482 2830 duum
1510 2785 1590 2832 cum
1622 2762 1666 2838 D.
1689 2761 1938 2861 Augustino.'’
1956 2770 1985 2871 ²)
2044 2776 2151 2868 Quod
2173 2777 2203 2877 ³)
2240 2787 2369 2861 scribis

1372 2864 1416 2932 de
1450 2867 1799 2939 commonefaciendo
1822 2872 2005 2969 Principe,
2048 2883 2156 2953 nimis
2178 2908 2254 2958 sera
2280 2883 2365 2962 haec

1372 2977 1455 3034 sunt
1482 2968 1641 3042 consilia.
1691 2969 1846 3045 Ruimus
1869 2979 1908 3047 in
1930 2980 2000 3051 fata
2022 2985 2145 3055 multis
2174 2993 2368 3069 errorihut.

1372 3063 1422 3136 At
1437 3066 1549 3136 initiis
1563 3094 1747 3143 occurrere
1763 3077 1903 3150 facilius
1916 3095 2001 3153 erat.
2044 3085 2231 3177 Sperarem
2247 3109 2367 3167 autem

1372 3193 1620 3264 nuncquoque
1635 3174 1729 3244 flecti
1746 3198 1847 3267 posse
1863 3177 2136 3284 αὐτοκρήτορος
2147 3192 2308 3267 animum
2321 3199 2367 3269 ad

1372 3295 1512 3361 pacem,
1539 3274 1570 3342 el
1583 3269 1758 3372 ἡμέτερος
1773 3278 1883 3376 ἐθέλῃ
1903 3282 2080 3383 γίνεσθαι
2102 3289 2230 3388 ἱκέτης.
2283 3295 2370 3396 †B.

1372 3370 1416 3441 V.
1442 3369 1586 3444 Caetera
1606 3380 1759 3448 coram.''
1775 3377 1804 3477 ⁴)
1856 3381 2037 3482 Stigelr'us
2060 3388 2130 3464 huc
2151 3397 2249 3469 misit
2272 3426 2368 3472 nun-

1373 3473 1467 3543 cium
1485 3499 1523 3544 ac
1540 3477 1627 3568 petit
1648 3480 1825 3571 stipendia
1849 3491 2018 3562 solvenda
2040 3519 2105 3585 pro
2122 3498 2263 3570 duobus
2281 3506 2370 3577 anai

1373 3578 1641 3667 quadrantibus.
1694 3582 1795 3653 Solvi
1813 3591 1844 3657 ei
1860 3594 2111 3684 aequissimum
2128 3615 2194 3671 est:
2224 3600 2275 3674 Et
2295 3608 2369 3678 sol-

1372 3701 1470 3760 vam,
1494 3681 1548 3747 vel
1567 3681 1596 3749 si
1616 3684 1659 3751 de
1671 3709 1751 3753 meo
1768 3689 2015 3764 deducendum
2032 3714 2130 3774 esset.
2172 3703 2376 3780 Leniamur

1372 3791 1405 3845 ct
1438 3782 1582 3848 caeteris
1616 3786 1797 3856 tenuioris·
1822 3794 1984 3866 fortunae
2018 3802 2160 3892 collegis
2196 3807 2372 3898 miserias,

1372 3897 1544 3970 quantum
1562 3906 1760 3971 possumus.

1474 3994 1550 4085 Ego
1568 4012 1665 4069 tanto
1680 4004 1804 4074 dolore
1820 4008 1973 4095 afficior,
1996 4014 2138 4088 intuens
2153 4016 2245 4093 hanc
2260 4029 2370 4100 mise·

326 4139 413 4183 cem.
439 4110 492 4180 lta
509 4106 691 4189 †fnerunt
705 4123 739 4179 et
752 4105 887 4179 adhue*
903 4124 985 4179 sunt
994 4114 1112 4182 omnia
1123 4115 1322 4186 vanissimis
1373 4098 1519 4214 sahiiffm
1543 4099 1810 4218 dissipationem
1834 4121 1868 4176 et
1887 4112 2025 4200 lugam,
2058 4132 2098 4188 ut
2115 4126 2289 4197 mansisse
2311 4155 2390 4202 me·

325 4212 587 4306 suspicionibus
603 4212 742 4284 inlecta.
768 4209 990 4303 Saepeantea
1004 4214 1056 4281 fui
1071 4208 1233 4284 hortator
1246 4244 1323 4289 mo.
1373 4213 1533 4288 optarim.
1585 4199 1635 4272 Et
1656 4226 1686 4271 ss
1704 4209 1800 4297 quod
1817 4211 1883 4282 erit
1907 4212 2153 4302 intervallum,
2177 4227 2307 4300 redibo
2323 4236 2370 4303 ad

326 4313 789 4387 deratorumconsiliorum.
842 4312 945 4381 Nunc
960 4314 1107 4384 sortasse
1129 4341 1245 4387 serum
1262 4336 1323 4405 est,
1373 4324 1445 4417 νθξ·
1497 4299 1613 4370 Ι)1111111
1634 4319 1750 4423 {tutem
1776 4324 1957 4383 aeternum
1974 4333 2107 4408 patrem
2128 4324 2278 4401 Domini
2302 4359 2372 4406 no-

326 4420 371 4487 de
388 4415 649 4498 moderatione,
683 4416 727 4481 de
744 4414 852 4480 armis
873 4417 1091 4505 deponendis
1106 4421 1322 4507 concionari,
1372 4399 1539 4519 sindesi]
1560 4400 1696 4523 ᾩῇιιεῐι
1716 4435 1779 4479 oro
1806 4428 1880 4486 toto
1902 4433 2059 4507 pectore,
2095 4441 2134 4495 ut
2158 4447 2276 4505 servet
2297 4434 2370 4508 Ec.

325 4517 532 4610 praesertim
547 4529 732 4608 postquam
749 4509 914 4583 Macedo
929 4519 972 4585 de
990 4542 1072 4606 pace
1090 4544 1190 4608 agere
1208 4525 1322 4599 desiit.
1372 4502 1496 4620 ⁶¹0⁸¹f¹⁰
1512 4506 1690 4598 reilqulas,
1713 4527 1746 4581 et
1763 4517 1880 4584 sedem
1897 4519 2080 4594 doctrinae
2096 4551 2176 4598 suae
2187 4527 2225 4600 in
2242 4551 2371 4610 nocam

428 4616 506 4707 Ego
529 4630 638 4686 totam
660 4611 797 4712 hanc')
818 4617 1101 4688 lucubrationem
1120 4627 1322 4716 consumpsi
1373 4606 1543 4720 ppprdulo
1563 4609 1747 4698 defendat,
1774 4629 1808 4684 et
1830 4619 1895 4688 tibi
1911 4622 2004 4692 vires
2025 4632 2181 4721 corporis
2203 4639 2373 4715 restituat

327 4724 367 4789 in
396 4721 550 4813 quodam
584 4718 714 4808 scripto
737 4719 781 4787 de
808 4719 869 4788 illa
895 4720 1098 4789 admirabili
1118 4725 1262 4793 divinae
1288 4741 1322 4797 et
1374 4719 1538 4795 ffliessffls·
1576 4708 1670 4781 Bene
1689 4717 1775 4784 vale·

327 4820 502 4893 humanae
519 4833 665 4889 naturae
684 4821 926 4910 copulatione,
952 4825 1143 4913 quaefacta
1161 4839 1213 4895 est
1227 4825 1321 4897 Filio
1373 4871 1588 4889 -ᾕ-

325 4923 396 4994 Dei
415 4934 613 4993 assumente
635 4916 829 4991 humanam
859 4935 1033 4992 naturam.
1092 4924 1209 5016 Quod·
1225 4923 1323 4999 haud
1408 4954 1436 5019 1)
1456 4953 1525 5012 cod.
1539 4956 1625 5016 Goth.
1638 4960 1697 5017 191.
1716 4962 1805 5020 ,pm

326 5026 437 5096 dubie
459 5021 703 5095 testimonium
727 5037 778 5095 est
800 5023 1106 5098 evidentissimum
1130 5052 1197 5099 nos
1218 5053 1323 5102 curae
1405 5037 1435 5106 ²)
1454 5036 1698 5099 (301160111191.

1406 5121 1434 5190 3)
1454 5121 1522 5180 Cod.
1537 5124 1621 5180 Goth.
1636 5128 1696 5185 191.
1713 5134 1801 5190 addit:
1821 5157 1897 5196 vero.

1407 5207 1435 5276 4)
1453 5206 1499 5263 Sic
1517 5219 1609 5294 uterq.
1629 5218 1735 5303 codes.⁸
1748 5221 1893 5292 Sequentia
1915 5248 1970 5285 non
1990 5233 2117 5306 leguntur
2133 5237 2160 5291 iu
2177 5242 2262 5299 codd.
2275 5245 2366 5307 Goth.

1442 5276 1489 5330 sed
1507 5281 1640 5354 adscripta
1652 5296 1715 5341 suut
1728 5308 1755 5342 ιιι
1769 5291 1830 5353 cod.
1847 5293 1929 5352 Goth.
1943 5300 2001 5356 191.
2022 5304 2066 5358 alii
2083 5307 2221 5378 epistolae.
2368 5289 2378 5319 ⁹

1807 4973 1859 5026 &tv
1870 5004 1906 5016 -
1917 4976 2142 5065 περιφερόμιθα.

360 5315 390 5384 ¹)
409 5310 628 5432 Maqdebuppum
648 5310 730 5364 missa
747 5309 889 5383 igiturest
907 5312 1021 5383 epistola
1033 5315 1115 5371 simul
1126 5336 1191 5373 cum
1211 5332 1323 5379 antece·

397 5382 479 5436 dente
493 5380 526 5434 ad
573 5377 718 5434 arcellam.

364 5468 391 5532 1)
408 5464 483 5521 llaec
496 5471 523 5519 ct
536 5479 604 5533 quae
618 5471 771 5533 sequuntur
784 5480 843 5519 non
857 5464 986 5538 leguntur
999 5465 1029 5522 in
1042 5470 1104 5526 cod.
1116 5469 1199 5530 Goth.
1210 5471 1271 5529 tot.
