4882 6426
38 290 190 469 '⁶⁰³

112 524 319 617 praesertim
334 548 425 599 *cum
444 521 550 601 isthic
571 523 691 600 schola
715 529 761 602 sit
777 531 970 621 percuisis
985 533 1109 601 acade-

112 627 217 697 miae.
275 623 421 699 Auditis
440 623 672 716 mathemata,
700 632 898 702 doctrinam
920 630 1109 717 Ecclesiae,

111 727 255 816 linguae
270 729 639 819 grametnterpretes
653 731 748 801 virus
763 732 995 815 doctissimos,
1016 728 1044 800 I
1041 755 1107 801 oa-

112 820 272 897 ehimum
299 815 557 899 Camerarium
585 845 620 902 et
644 828 689 906 D.
715 825 940 902 Michaelem
965 824 1107 901 Rotin-

109 949 199 1020 gum
215 924 256 1024 7).
306 926 383 997 llos
405 929 479 1019 ipse
495 953 658 1022 cuperem
676 933 820 1013 audire,
840 933 873 1000 'si
891 933 1026 1002 occasio
1042 935 1105 1001 da-

110 1041 221 1101 retur.
254 1025 374 1115 Quare
388 1028 458 1098 iam
473 1026 578 1130 isthic
591 1031 735 1121 ingenio
749 1028 780 1128 ⁸)
795 1033 941 1104 excolite
956 1046 991 1103 et
1006 1024 1105 1102 exer'·

111 1141 196 1202 cete.
221 1126 276 1198 De
290 1131 489 1201 academiae
502 1145 642 1202 nostrae
658 1132 913 1206 instauratione
928 1133 993 1202 etsi
1006 1156 1104 1222 spem

110 1230 272 1300 nondum
286 1228 431 1316 abiicio,
456 1245 588 1317 tamen,
611 1247 654 1304 ut
669 1233 878 1305 deliberatio
896 1234 1032 1304 tardior
1049 1233 1105 1317 sit,

110 1328 268 1400 1011111111
276 1324 707 1422 conventusAugustanus
719 1349 754 1406 et
767 1334 836 1405 alia
850 1333 1103 1425 impedimenta
1152 1329 1221 1404 No.
1236 1328 1350 1409 1997.

109 1428 257 1505 faciunt.
306 1429 379 1500 Dei
401 1432 572 1503 beneficio
595 1455 697 1504 soror
712 1448 832 1509 ,vestra
847 1428 1006 1530 Anno⁹)
1028 1458 1104 1503 me-

114 1530 282 1600 diocriter
303 1531 408 1605 valet.
458 1531 549 1602 Nam
573 1527 652 1603 beri
673 1529 744 1605 buc
762 1535 907 1607 advenit
923 1559 1000 1604 mea
1016 1557 1103 1604 con-

110 1630 172 1701 iux
184 1654 268 1701 mox
283 1631 328 1699 ad
342 1631 514 1702 familiam
524 1629 565 1728 ¹⁰)
582 1635 758 1721 reditura,
779 1656 875 1730 quae·
884 1648 1025 1714 narrat,
1048 1636 1098 1703 fa·

109 1730 244 1801 ndum
265 1727 335 1801 Dei
363 1732 533 1804 beneficio
565 1734 781 1805 ineolumem
807 1759 893 1810 esse.
957 1733 1018 1804 Me
1043 1728 1102 1803 bic

695 355 1132 445 aptoton-anun
1190 296 1378 449 lulli-li.
1430 366 1563 457 1⁶47.

2078 377 2153 453 662

1161 532 1366 623 significato.
1425 535 1515 608 Nam
1544 563 1665 611 earum
1685 562 1804 613 rerum
1830 540 2153 632 historiamnosse,

1159 648 1193 704 et
1208 647 1269 703 tua
1286 650 1320 707 et
1334 637 1496 707 omnium
1512 641 1624 711 nostri
1643 643 1798 725 ordinis,
1825 646 1982 730 interest,
2005 646 2079 715 imo
2096 660 2152 716 to-

1158 734 1229 804 tius
1242 730 1429 806 Ecclesiae.
1480 733 1670 828 Agitantur
1687 735 1716 837 †
1733 745 1827 813 enim
1839 744 1855 770 ”
1877 747 1927 815 111
1945 760 2152 814 controver-

1157 834 1228 903 siae
1244 838 1288 904 de
1302 836 1474 922 doctrina,
1499 841 1598 910 cuius
1612 842 1779 932 limpidus
1794 844 1908 915 fontes
1923 845 2060 916 turbari
2075 869 2149 914 non
2215 912 2218 917 .

1156 934 1324 1006 uiuamus.
1349 935 1448 1006 Bene
1464 940 1541 1008 vale
1555 953 1590 1010 et
1602 942 1765 1016 rescribe.
1791 941 1866 1017 Cal.
1876 943 2092 1036 Septembris
2101 939 2151 1038 ¹¹).

1666 1036 1855 1135 Philippus
1875 1039 2101 1117 Melanthon.

1160 1426 1332 1459 w..
1985 1343 2148 1462 ..se

1461 1515 1577 1603 Gaii.
1593 1548 1622 1602 a
1644 1520 1847 1634 Turgem

1221 1676 1243 1748 ᾖ
1261 1676 1299 1731 Er
1318 1695 1411 1750 apogr.
1426 1677 1454 1733 in
1469 1679 1531 1736 cod.
1546 1677 1631 1735 Gotb.
1646 1678 1703 1735 191.
1722 1699 1750 1750 p.
1761 1679 1828 1738 73¹³.
1841 1692 1868 1739 et
1882 1683 1945 1744 cod.
1960 1682 2043 1756 brug.
2061 1703 2089 1758 p.
2102 1686 2145 1742 at.

109 1831 218 1900 editio
241 1831 439 1903 dialectices
461 1834 613 1919 detinet,
640 1860 747 1928 quam
763 1860 865 1926 spero
883 1835 1103 1927 profuturam
1152 1827 1363 1906 Nobilitate
1386 1833 1530 1927 generis
1554 1843 1585 1903 et
1610 1830 1804 1911 honestiss.
1827 1833 1950 1907 indole
1968 1836 2148 1935 praedito,

110 1931 237 2000 studiis
254 1933 463 2002 multorum.
492 1931 592 2003 Bene
607 1948 641 2005 et
658 1936 806 2006 feliciter
825 1937 914 2009 vale.
938 1932 1104 2004 Calendis

15 2096 21 2105 .
71 2031 74 2041 ’
111 2029 329 2124 Septembris
347 2028 457 2123 1547.

387 2142 390 2147 '
867 2131 935 2208 Pb
950 2132 1004 2208 M.

117 2320 326 2335 m

111 2416 180 2504 No.
198 2427 311 2504 1996.

113 2526 322 2560 w„
934 2438 1105 2559 een

435 2598 555 2682 Hier.
589 2596 785 2685 Beeotdo.

180 2756 321 2829 Epistlib.
330 2757 505 2831 v.p.2tssq.
521 2787 556 2800 -
575 2759 736 2832 Apograpba
749 2759 778 2814 in
790 2756 943 2831 rodlang.
950 2777 978 2831 p.
989 2761 1028 2816 1⁰.
1034 2767 1061 2814 et
1075 2760 1104 2816 in

216 2826 279 2882 cod.
292 2826 405 2883 Monac.
420 2827 457 2883 ll.
473 2847 500 2899 p.
516 2827 598 2883 17212.

184 2980 470 3077 Hieronymo
493 2975 703 3054 Beseldo
726 2975 1029 3081 (Nurimbergue)

110 3104 159 3198 S·
181 3122 225 3197 D.
260 3124 718 3220 CharissimeHierouyme.
755 3126 831 3198 Scis
845 3127 941 3220 ipse,
968 3153 1010 3200 ex
1024 3129 1106 3224 qni-

111 3227 179 3297 bus
193 3228 352 3299 lontibus
366 3230 490 3299 laudes
505 3230 695 3299 sumendae
707 3227 778 3298 sint
788 3228 976 3298 ministerii
983 3228 1106 3300 Evan-
1127 3274 1131 3317 3

111 3328 214 3417 gelii,
237 3330 367 3399 deinde
391 3345 426 3401 et
449 3329 841 3414 commonefactionern,
872 3332 993 3423 quales
1008 3329 1105 3402 Deus
1127 3320 1131 3407 l

111 3424 186 3497 esse
202 3430 289 3499 velit
307 3432 459 3499 delectos
475 3432 519 3498 ad
534 3425 627 3499 banc
643 3430 824 3498 militiam.
872 3428 983 3518 Leges
997 3431 1106 3520 igitur

111 3528 205 3618 ipse,
246 3543 280 3596 et
313 3530 471 3610 curabis,
512 3543 553 3598 ut
578 3526 710 3597 Paulus
732 3528 765 3595 T
768 3522 962 3596 imotbeum
997 3530 1106 3613 iubet,

110 3621 372 3720 ἀναζωπυρεῖν
384 3622 427 3697 τὸ
438 3618 608 3718 χάρισμα
620 3630 689 3697 τοῦ
700 3628 805 3711 θεοῦ,
830 3622 967 3700 teoto
980 3626 1021 3700 ἐν
1034 3626 1105 3700 σοὶ.

111 3727 283 3812 Gaudeo,
307 3741 340 3796 te
358 3729 401 3796 ad
419 3726 657 3796 ministerium
671 3722 927 3816 Evangelicum
941 3743 1106 3799 vocatum

111 3851 186 3899 esse
194 3879 206 3912 ,
233 3840 267 3897 et
282 3826 415 3896 Filium
433 3828 520 3911 Dei,
545 3829 722 3897 sedentem
740 3829 786 3897 ad
806 3829 963 3897 dextram
980 3828 1107 3914 Patris,

112 3944 149 4000 et
171 3922 238 3999 hoe
254 3929 371 4019 ipsum
385 3928 620 3997 ministerium
634 3929 890 4018 gubernantem
906 3953 990 4014 oro,
1016 3943 1056 3999 ut
1070 3942 1105 4000 te

113 4044 220 4118 regat.
278 4027 333 4097 De
360 4023 534 4098 Walteri
559 4027 633 4097 filio
659 4029 761 4097 vobis
781 4028 950 4120 *omuibus
975 4030 1105 4119 gratias

112 4152 190 4221 ago.
239 4126 339 4206 Patri
358 4129 629 4198 narravivestra
647 4129 771 4198 officia.
822 4126 877 4199 De
893 4128 1105 4199 Academiae

110 4246 253 4303 nostrae
266 4230 526 4299 instauratione¹
536 4229 686 4298 scribam
701 4229 787 4298 alias
804 4229 965 4300 certiora.
990 4226 1105 4322 Opta-

112 4332 201 4416 rim‚
222 4332 252 4401 si
273 4332 350 4399 lieri
372 4343 505 4420 posset,
531 4353 605 4398 non
628 4325 777 4399 distr'abi
790 4322 832 4424 ⁶)
852 4327 1014 4418 Collegae
1038 4355 1105 4401 no-

113 4446 223 4516 stros,
254 4432 338 4524 quia
358 4453 414 4499 res
437 4431 512 4521 ipsa
532 4428 712 4522 loquitur,
738 4452 860 4498 eorum
882 4430 1105 4502 coniunctio-

113 4557 198 4602 nem
223 4531 349 4602 studiis
375 4531 560 4622 proluisse.
626 4527 780 4621 Fuitque
809 4525 894 4599 baec
916 4533 1103 4622 praecipua

113 4656 234 4707 caussa
257 4633 328 4702 mei
349 4633 495 4704 reditus.
544 4629 614 4702 Sed
630 4626 706 4698 Deo
727 4652 792 4699 nos
806 4634 1104 4715 commendemus,

112 4748 154 4807 tu
171 4757 312 4828 quoque
329 4733 399 4801 tuis
415 4733 505 4802 votis
522 4753 587 4800 nos
603 4731 736 4803 iuvate.

215 4831 270 4911 De
298 4831 486 4903 Conventu
515 4829 743 4921 Augustano,
775 4829 860 4899 item
890 4833 934 4901 de
956 4830 1102 4927 Synodo

114 4933 328 5005 Tridentino
368 4933 544 5026 quidquid
579 4932 702 5002 audies
742 4923 953 5028 ἀξιόλογον,
999 4934 1104 5004 nobis

147 5125 179 5192 7)
197 5126 352 5192 Rotu'rrgum
370 5124 443 5178 ebert
456 5143 471 5179 a
482 5123 545 5181 cod.
561 5123 643 5178 Gotb.
660 5122 716 5178 191.

150 5211 180 5277 8)
196 5210 266 5268 cot.
282 5209 366 5279 berg.
378 5210 433 5262 ittie
446 5211 597 5277 ingenium·

151 5299 181 5365 9)
201 5299 271 5351 Cum
284 5314 368 5350 crore
382 5304 409 5349 et
422 5294 522 5350 {emilia
534 5294 719 5352 Melanthonie
734 5296 891 5352 Nordbusae
905 5297 1070 5353 versabatur.

152 5384 196 5450 10)
215 5379 396 5433 dordunum.

150 5463 181 5532 ¹⁸¹)
198 5464 322 5519 aeirem
338 5462 421 5520 codd.
434 5472 507 5519 recte
521 5480 573 5537 pro
586 5461 711 5532 tristari,
727 5463 800 5536 quod
814 5462 887 5520 dedit
898 5460 984 5517 Saub.

1154 4707 1221 4783 No.
1239 4708 1350 4780 5998.

1197 1919 1262 2006 D.
1282 1927 1465 2005 Othoni
1496 1929 1757 2007 Wildelmo
1783 1960 1809 2005 o
1836 1933 2113 2048 Turgem'),

1155 2064 1278 2158 Valde
1295 2085 1403 2153 laudo
1420 2082 1607 2153 consilium
1623 2085 1733 2174 patris
1748 2084 1812 2170 tui,
1839 2087 2023 2159 nobilitate
2040 2112 2146 2178 gene·

1156 2187 1206 2254 ris
1227 2196 1262 2253 et
1282 2183 1413 2254 virtute
1436 2182 1662 2274 praestantis,
1688 2187 1784 2277 meod
1810 2200 1844 2257 et
1868 2188 2028 2257 doctrina
2047 2191 2148 2278 inge·

1156 2286 1259 2354 nium
1273 2298 1375 2356 tuum
1390 2283 1501 2352 excoli
1516 2296 1634 2363 curat,
1661 2297 1696 2353 et
1713 2309 1809 2354 nunc
1824 2286 1864 2353 in
1881 2310 1958 2356 eant
1973 2301 2006 2358 te
2021 2291 2147 2359 urbem

1156 2385 1271 2470 misit,
1296 2408 1386 2476 quae
1409 2383 1448 2452 in
1464 2378 1520 2452 his
1538 2382 1692 2452 motibus
1708 2386 1936 2478 tranquillior
1952 2388 2147 2461 111111111-

1156 2485 1206 2555 ris
1221 2485 1357 2574 magnis
1371 2482 1584 2554 Germaniae
1598 2484 1745 2554 urbibus
1761 2485 1833 2555 fere
1849 2487 1983 2557 cunctis
2006 2501 2039 2558 et
2054 2486 2085 2583 ²)
2107 2491 2147 2558 in

1157 2609 1225 2677 qua
1248 2585 1480 2654 maximarum
1504 2607 1623 2652 rerum
1640 2577 1846 2671 historiam,
1872 2610 1961 2680 quae
1976 2612 2073 2659 nunc
2087 2613 2148 2678 ge-

1156 2700 1303 2765 runtur,
1336 2696 1369 2753 et
1392 2684 1522 2754 iudicia
1543 2683 1831 2772 gravissimorum
1846 2686 2006 2756 virorum
2023 2689 2147 2759 audire

1157 2800 1274 2876 potes,
1300 2809 1451 2878 quorum
1475 2784 1711 2854 consideratio
1733 2785 1838 2854 etiam
1858 2800 1910 2856 est
1926 2788 2066 2859 virtutis
2080 2791 2146 2857 do·

1157 2887 1282 2955 ctrina.
1322 2882 1376 2953 Te
1392 2884 1500 2973 igitur
1511 2879 1695 2967 adhortor,
1720 2898 1760 2956 ut
1774 2886 1929 2955 studiose
1943 2904 2147 2979 praecepto·
2231 2880 2233 2885 ¹

1156 3009 1212 3055 res
1226 2985 1368 3069 audias,
1389 2998 1492 3076 teque
1505 2984 1579 3076 ipse
1594 2984 1780 3054 scribendo
1794 2997 1831 3054 et
1844 2985 1952 3058 latine
1967 2988 2147 3081 loquendo

1156 3110 1231 3155 non
1244 3084 1396 3175 segniter
1412 3107 1579 3169 exerceas,
1598 3097 1631 3154 et
1648 3084 1687 3152 in
1700 3085 1774 3178 ipsa
1789 3086 1972 3157 literarum
1986 3088 2148 3158 doctrina

1156 3198 1190 3255 te
1219 3188 1264 3255 ad
1293 3184 1508 3275 agnitionem
1537 3199 1571 3256 et
1598 3208 1751 3282 amorem
1779 3186 1921 3256 virtutis
1948 3190 2148 3271 exsuscites,

1155 3288 1354 3377 cogitesque
1369 3286 1449 3355 ideo
1468 3285 1559 3354 tradi
1577 3283 1716 3368 literas,-
1739 3298 1779 3355 ut
1794 3286 1831 3353 in
1848 3309 1973 3374 genere
1989 3282 2147 3357 humano

1156 3387 1283 3457 notitia
1298 3384 1367 3455 Dei
1391 3387 1523 3468 luccat,
1549 3398 1582 3456 et
1599 3397 1639 3453 ut
1654 3408 1768 3452 mores
1783 3386 1896 3455 nostri
1910 3410 1991 3455 cum
2006 3400 2148 3457 aeterna
2203 3428 2217 3471 ,-

1156 3488 1275 3573 regula
1302 3499 1394 3554 reete
1418 3485 1608 3563 laetorum,
1636 3509 1725 3568 ottae
1748 3484 1785 3552 in
1810 3499 1927 3554 ruente
1942 3487 2063 3556 divina
2083 3502 2148 3568 est,

1157 3596 1363 3673 congruant.
1415 3579 1493 3651 Oro
1514 3596 1631 3651 autem
1648 3580 1763 3650 Deum
1786 3598 1989 3671 aeternum,
2012 3599 2148 3676 patrem

1157 3687 1251 3756 dom.
1269 3708 1305 3755 n.
1323 3680 1349 3751 l.
1364 3680 1426 3765 C.,
1460 3694 1499 3751 ut
1523 3683 1566 3750 de
1588 3696 1702 3751 servet
1725 3683 1960 3766 incolumem,
1993 3698 2027 3753 et
2051 3699 2148 3775 regat

1155 3798 1216 3854 tua
1239 3783 1375 3867 studia,
1400 3794 1435 3852 et
1453 3794 1567 3852 totum
1589 3782 1682 3850 vitae
1696 3783 1931 3868 curriculum,
1956 3788 2050 3877 quod
2067 3786 2150 3878 qui-
2180 3840 2188 3847 .

1157 3887 1237 3967 dem
1258 3898 1351 3953 certo
1368 3881 1488 3965 saciet,
1513 3880 1541 3949 si
1565 3895 1603 3952 tu
1622 3905 1763 3974 quoque
1780 3883 1951 3952 mediocri
1964 3885 2150 3972 diligentia

1155 4008 1272 4055 mores
1294 3981 1525 4073 gubernabis,
1550 3997 1584 4053 et
1604 3982 1775 4051 auxilium
1792 3983 1954 4052 divinum
1970 3997 2084 4075 petes,
2107 3998 2149 4056 ut

1156 4086 1325 4176 seriptum
1347 4095 1416 4151 est:
1450 4079 1728 4178 quantomagis
1742 4090 1847 4172 pater
1862 4091 1973 4153 vester
1988 4080 2149 4155 coelestis
2278 4108 2282 4113 ·

1157 4180 1262 4254 dabit
1285 4181 1457 4280 spiritum
1479 4204 1587 4251 suum
1607 4178 1821 4276 petentibus.
1879 4183 1918 4253 si
1938 4184 2148 4257 instauratio

1155 4299 1295 4354 nostrae
1318 4283 1515 4354 academiae
1539 4285 1720 4372 procedet,
1753 4283 1906 4352 libenter
1929 4296 1962 4353 te
1985 4286 2024 4353 in
2045 4288 2149 4356 aedes

1155 4409 1250 4456 meas
1261 4384 1442 4476 recipiam.
1466 4380 1509 4454 B.
1519 4382 1564 4452 V.
1588 4380 1756 4454 Calendis
1771 4381 1909 4475 Septbr.
1924 4407 2020 4456 anuo
2039 4381 2149 4460 1647.

1161 4803 1333 4834 Μ

1396 4893 1515 4975 Hier.
1545 4890 1908 5009 Buumgurtnero.

1224 5047 1455 5188 ltpptplpvtp.
1466 5051 1565 5124 115111.
1583 5078 1618 5094 -
1636 5050 1910 5125 llieexectograpbo
1921 5051 1952 5107 ia
1964 5051 2028 5110 cod.
2039 5051 2149 5120 blond·

1191 5292 1225 5365 *)
1241 5294 1415 5350 01111111
1434 5266 1602 5353 1111111511.

1195 5379 1223 5446 1)
1242 5376 1313 5434 cot.
1324 5384 1412 5452 hang.
1426 5380 1574 5448 studeret.

1193 5459 1224 5531 2)
1242 5472 1270 5517 ee
1283 5464 1460 5609 eberpazepd.
1474 5465 1560 5521 Goth.
1572 5465 1632 5521 191.
