4882 6426
113 2298 118 2302 ⁶
201 2321 296 2367 auno
314 2293 423 2368 1546.

188 292 264 370 an
315 361 322 370 ,
760 212 1201 354 ἘΡιεΤοιΑῆυΜ
1259 271 1369 348 mn.
1399 273 1446 348 x.
1502 273 1635 351 rato.
2114 248 2232 351 'uo

193 482 330 540 nostras
352 446 636 552 deprecationes,-
669 452 752 548 quia
775 439 888 522 bostis
909 451 1044 521 interea
1065 445 1110 516 ab
1128 467 1188 514 ar·
1236 440 1293 514 his
1310 445 1417 530 locis,
1442 448 1488 515 ab
1503 463 1704 536 aegrotante
1719 472 1830 518 uxore
1852 473 1925 518 non
1949 448 2144 531 discedam,
2170 443 2234 519 σοὶ

192 571 297 641 matis
317 564 429 652 magis
444 563 613 633 irritatur.
664 556 772 645 Quod
791 569 909 625 autem
924 549 1016 623 Cels.
1031 547 1079 619 V.
1093 547 1189 617 indi·
1237 540 1493 633 dioscoritis,
1522 544 1881 644 εἰβούλῃμένειγὲγ
1895 542 1994 620 πόλει
2010 553 2233 642 noteopaov-

195 686 271 756 cat,
303 671 380 738 fore
396 663 634 744 commodius,
658 660 689 728 si
704 682 800 727 nunc
815 655 1016 748 proficiscar
1030 648 1189 733 Dessam,
1236 645 1341 742 μένη.
1394 646 1472 719 Oro
1489 651 1603 722 filium
1615 650 1700 736 Dei,
1725 665 1767 721 ut
1783 666 1818 722 te
1833 666 1868 722 ot
1880 666 1959 722 tuos
1975 665 2009 721 et
2025 675 2090 720 nos
2107 664 2233 744 prore.

195 788 229 845 ct
258 772 311 842 ibi
335 789 560 858 congressum
582 756 784 854 principum
808 772 1005 849 expectem,
1038 751 1189 834 decrevi,
1238 765 1313 839 gat,
1339 754 1433 844 quod
1458 754 1602 846 quidem
1624 778 1765 846 sperare
1781 758 1846 851 nos
1862 755 1978 851 iubet,
2003 753 2233 845 utscriptum

196 871 282 945 hinc
298 886 372 942 non
389 866 579 961 proficisci,
603 864 675 933 nisi
691 863 788 955 prins
803 856 921 930 literas
936 882 954 926 a
969 848 1189 945 Camerario
1238 866 1301 924 est.
1351 852 1603 924 Circumvallat
1621 854 1778 944 Angelus
1793 853 1941 925 Domini
1958 856 2121 924 timentes
2137 878 2233 929 eum.

196 978 373 1068 accepero.
423 970 496 1040 Nec
510 971 559 1037 ita
577 990 740 1058 propero,
765 965 856 1032 utin
873 985 953 1031 eum
970 960 1099 1040 locum,
1123 952 1188 1024 ubi
1238 954 1276 1024 si
1299 957 1431 1046 poteris
1454 957 1510 1024 vel
1532 958 1703 1047 expatinri
1724 959 1780 1026 vel
1804 959 1964 1027 secedere
1987 970 2020 1026 te
2034 960 2077 1026 ad
2095 956 2234 1048 princi-

197 1078 374 1174 principes
398 1074 663 1163 colloquentur,
699 1067 851 1134 veniam.
917 1058 1061 1151 Reputo
1082 1058 1187 1127 etiam
1239 1080 1316 1146 pem
1338 1051 1571 1126 Inachimum
1598 1060 1736 1131 vellem.
1786 1056 1885 1127 Bene
1910 1075 1945 1131 et
1965 1060 2116 1128 feliciter
2139 1058 2235 1145 vale,

198 1182 292 1272 apud
321 1177 479 1246 animum
507 1197 642 1253 meum,
679 1182 851 1261 quantum
877 1163 921 1233 sit
940 1162 1109 1255 periculi,
1143 1160 1187 1226 de
1237 1172 1270 1228 et
1284 1160 1448 1232 rescribe.
1498 1154 1673 1230 Postridie
1694 1154 1913 1255 Solsticiif).

199 1264 447 1353 conciliatione
478 1274 717 1343 doctrinarum
749 1268 937 1362 quicquam
970 1262 1099 1355 pacisci
1127 1271 1188 1329 aut
1878 1353 1880 1357 .
1980 1255 2180 1354 philippus·
2234 1274 2238 1279 -

196 1383 342 1454 minime
360 1404 440 1450 cum
455 1376 545 1445 aulis
559 1373 670 1465 loqui,
690 1395 841 1465 quarum
857 1369 986 1438 iudicia
1003 1362 1189 1433 dissimilia

199 1499 293 1556 sunt.
326 1480 404 1573 Etsi
418 1491 535 1548 autem
550 1490 583 1545 et
598 1490 681 1566 opto
695 1472 923 1567 *concordiam
939 1466 1189 1548 Ecclesiamm,

199 1601 234 1657 et
255 1585 337 1655 dedi
361 1605 522 1672 operam,
547 1592 589 1647 ut
608 1578 778 1669 quasdam
795 1569 1012 1642 horridiores
1029 1570 1189 1659 disputa·
1250 1595 1315 1668 No·
1335 1597 1446 1672 3659·
2064 1616 2121 1676 13·
2135 1603 2166 1668 D
2167 1608 2234 1669 ‘ab‘

199 1689 313 1760 tiones
327 1685 493 1766 lenirem,
519 1695 637 1750 tamen
652 1700 752 1769 saepe
770 1677 902 1780 cogito,
925 1673 1026 1741 exilia
1042 1683 1077 1739 et
1091 1690 1189 1737 mor·
1245 1698 1455 1731 m
2059 1680 2232 1722 φλ,

199 1805 270 1862 tem
303 1786 565 1878 anteferendam
595 1804 667 1848 esse
698 1778 830 1847 talibus
858 1773 1188 1865 compositionibus,
1467 1796 1703 1881 Marcellus
1720 1797 1781 1880 ad
1797 1797 2014 1909 Langum·

200 1893 321 1984 quales
349 1890 387 1956 in
419 1882 652 1954 conventibus
675 1882 750 1948 vidi
776 1893 876 1947 antea
902 1877 1080 1945 institutas
1106 1895 1189 1942 esse.

199 1991 315 2064 Deum
338 1991 408 2059 scio
434 1987 691 2077 opitulaturum
717 2006 789 2050 esse
813 2005 894 2048 suae
912 1977 1071 2059 veritati,
1102 1984 1192 2042 etut

201 2119 303 2186 ⁰P²¹¹¹
322 2086 610 2206 s⁸s³[,FJ⁶⁰¹⁰⁵i³e
636 2098 781 2174 ΡΠῬῐθΐ
804 2105 901 2149 suam
924 2078 1091 2194 3¹⁰fiam’
1116 2099 1191 2147 ⁰¹⁰·
1241 2107 1462 2187 Clarissima
1477 2118 1565 2203 viro,
1584 2118 1729 2214 pietate,
1756 2115 1884 2187 virtute
1898 2127 1929 2188 et
1945 2114 2113 2190 doctrina
2125 2144 2239 2217 prae-

200 2195 297 2265 Bene
313 2207 347 2262 et
363 2193 512 2260 felrcrter
528 2188 642 2256 valeat
657 2184 749 2257 Cels.
766 2183 905 2254 Vestra.
942 2177 1010 2249 Dre
1027 2176 1192 2257 Brumae,
1241 2221 1378 2301 smmi,
1413 2217 1525 2289 Dom⁸
1545 2217 1598 2294 D·
1626 2214 1846 2290 Iohanni
1869 2215 2058 2315 Longo,
2092 2217 2238 2294 domn·

1243 2304 1495 2416 Evangelium
1513 2312 1661 2392 Christi
1676 2317 1904 2419 Ersordiae,
1928 2347 2003 2393 suo
2012 2319 2184 2395 Domino
2204 2333 2236 2396 el

1527 2433 1687 2524 patrono
1703 2419 1941 2495 observando.
2157 2438 2161 2445 '

1242 1466 1419 1478 ω

1339 1967 1359 2025 †
1380 1959 1417 2012 Ex
1430 1961 1585 2033 apographo
1599 1960 1629 2012 in
1645 1960 1707 2015 cod.
1722 1958 1806 2018 Goth.
1822 1959 1930 2030 899.,p.
1947 1962 2005 2016 182.

687 2385 805 2458 Celsit.
820 2384 865 2457 V.
884 2381 1143 2453 addictissimus

745 2485 837 2557 Phil.
853 2480 1077 2556 Melanthou.
1256 2559 1272 2581 ,

1243 2563 1290 2650 δ.
1317 2577 1360 2653 Ι).
1393 2574 1449 2648 Re
1463 2577 1538 2667 ipsa
1554 2578 1754 2669 experimur
1768 2580 1863 2672 quod
1880 2577 2013 2649 Paulus
2027 2580 2092 2649 ait:
2119 2580 2235 2650 ineer-

200 2691 1187 2728 ...-.----—--———--—-*-
1245 2682 1290 2749 tis
1306 2704 1475 2769 vagamur
1491 2680 1645 2750 sedibus.
1691 2678 1813 2773 ltaque
1830 2705 1925 2751 nunc
1940 2694 2084 2773 propter
2099 2681 2235 2752 bellum

222 2840 255 2912 N
305 2833 404 2908 3658
802 2788 806 2810 Ι
1025 2801 1183 2895 12Ἰ)εο1)
1246 2776 1563 2866 ᾶυῑῖὅΜαΜῘῐὶἱ,
1590 2783 1686 2875 quod
1698 2778 1855 2852 Electori
1879 2782 2237 2873 etWitebergaein-

211 2867 422 2968 ἕνεκ’
1017 2873 1194 2944 *οὖν’
1247 2884 1345 2966 tulit,
1372 2884 1481 2954 coacti
1498 2909 1617 2953 sumus
1635 2886 1805 2965 secedere,
1831 2909 1965 2953 aecum
1981 2877 2162 2981 Philippo
2175 2885 2238 2954 de-

481 3031 616 3112 Ioach
663 3026 909 3112 camerario
1247 3008 1467 3056 creveramus
1482 2983 1743 3075 Magdeburgae
1767 3011 1830 3078 per
1855 2981 1947 3056 hanc
1972 2981 2135 3080 hyemem
2152 2986 2238 3056 sub-

619 3091 630 3110 '
912 3085 923 3106 ⁰
1249 3089 1381 3172 sistere,
1399 3112 1438 3156 ac
1455 3088 1648 3157 iuventutis
1662 3111 1765 3157 causa
1780 3083 2003 3157 scholasticas
2019 3111 2143 3180 operas
2161 3086 2238 3157 istic

276 3187 714 3269 EP³⁸¹·⁸‘¹·C⁸“¹“⁸‘·¹³·⁵⁵⁸⁵l·
735 3179 1145 3254 l‘d·1¹⁰¹¹‘¹·¹³b·¹V·‘l·⁷⁰²·)·
1164 3203 1199 3216 ““
1248 3193 1371 3262 iacere.
1430 3187 1499 3258 Sed
1530 3204 1688 3281 tempora
1717 3203 1751 3258 et
1779 3189 2077 3260 fortassis'fatum
2099 3212 2165 3258 nec
2187 3189 2238 3258 ibi

310 3247 1199 3332 Argumentumepistolaesatrsducct,potissimumquoddeim·
1300 3293 1307 3309 ,
1501 3291 1509 3305 ,
1918 3292 1926 3306 ,
2217 3287 2224 3306 ,

310 3328 578 3385 muselenorum
589 3325 695 3394 Lipsiae
704 3324 808 3390 ‚sessu
822 3341 880 3375 eam
891 3317 1020 3390 scripum
1029 3336 1085 3370 me
1096 3325 1202 3385 pesun-¹
1248 3305 1402 3386 quietem
1424 3291 1528 3359 nobrs
1551 3292 1750 3360 concedunt
1772 3292 1817 3360 ad
1832 3294 1960 3363 sendra.
2009 3289 2133 3384 ltaque
2147 3283 2239 3360 Plu·

311 3402 354 3454 die
367 3397 473 3453 ⁵⁰¹⁵¹³²³¹
487 3415 543 3448 ⁰⁰¹¹
555 3394 667 3465 ’Μ’
690 3395 736 3446 ³⁸⁶
751 3392 888 3463 hyematis.
1249 3393 1373 3489 lippus
1387 3414 1562 3479 regressus
1578 3393 1686 3460 estad
1703 3393 1856 3460 vicinam
1865 3392 2078 3476 Zervestam,
2095 3394 2159 3462 ubi
2174 3395 2239 3462 do-

206 3554 257 3636 Cl
312 3558 319 3576 '
415 3555 480 3624 ‘'rn
515 3547 716 3622 eruditione
754 3558 785 3619 el
827 3546 954 3617 virtute
1018 3541 1201 3614 raestanti
1248 3520 1325 3565 ωε
1358 3493 1512 3562 immun
1542 3515 1619 3610 ⁰9⁸3
1658 3493 1838 3611 qni‚i⁸¹¹¹⁰
1867 3494 1984 3612 ipspm
2009 3507 2094 3563 ⁵¹1¹st
2120 3494 2240 3612 ⁵5⁰⁰&-

257 3585 368 3633 ‘mss'
404 3582 436 3627 Η
990 3568 1032 3662 ρ·
1248 3595 1344 3667 Deus
1359 3608 1458 3686 pater
1475 3596 1613 3662 domun
1627 3608 1741 3663 nostri
1757 3593 1785 3669 l.
1799 3592 1839 3669 C.
1856 3608 2015 3665 restrtuat
2030 3595 2195 3665 ecclesrae
2208 3608 2241 3666 et

244 3654 403 3735 [mh
429 3650 699 3729 cameram
716 3651 841 3752 fram
862 3673 930 3720 wo
951 3670 1160 3727 ‘ammo'
1249 3700 1316 3790 piis
1337 3721 1376 3766 ac
1397 3695 1608 3765 salutaribus
1624 3697 1750 3766 studiis
1764 3721 1898 3788 pacem.
1950 3695 2056 3784 Quod
2074 3699 2103 3765 si
2121 3698 2241 3768 minus

174 3853 179 3863 ‘
206 3796 251 3888 s·
275 3812 320 3887 D·
369 3808 503 3878 Versat
527 3821 607 3876 tuos
631 3803 799 3894 optimos:
835 3793 1000 3881 Turbati
1024 3794 1199 3888 erigimus
1248 3803 1326 3878 fiet,
1358 3800 1545 3867 metuenda
1570 3812 1620 3868 est
1644 3793 1828 3884 horribilis
1849 3800 1991 3868 vastitas
2011 3799 2177 3869 ecclesiae
2209 3813 2241 3869 et

207 3914 314 3986 Deus
338 3906 393 3980 ad
413 3919 444 3978 te
470 3904 615 3976 lumina
638 3899 778 3986 cordis,
809 3909 869 3969 etc.
936 3899 1137 3988 Cogitemus
1160 3898 1198 3965 in
1248 3902 1454 3993 politiarum
1475 3900 1513 3968 in
1529 3895 1585 3967 his
1601 3900 1824 3988 regionibus,
1851 3925 1958 3993 quam
1973 3901 2073 3971 Deus
2087 3902 2242 3971 clemen-

208 4018 276 4090 lrac
298 4013 504 4085 contusione
519 4007 624 4098 Reip.
645 4019 679 4075 et
699 4006 737 4072 in
760 4004 906 4095 privatis
928 4000 1089 4072 miseriis.
1140 3996 1198 4069 Ad
1249 4018 1302 4074 ter
1317 4014 1461 4073 avertar,

209 4119 412 4207 Principem
427 4107 630 4180 Ascanium
644 4102 683 4201 *)
705 4105 928 4188 accessimus,
954 4117 994 4173 ut
1016 4104 1059 4171 de
1082 4096 1197 4170 Stan-
1343 4101 1427 4191 Ego
1460 4127 1540 4172 cum
1570 4102 1706 4196 aliquot
1738 4102 1892 4171 dominis
1919 4104 2009 4172 meis
2038 4128 2078 4174 ac
2099 4105 2243 4195 collegis

211 4221 291 4293 c'ari
311 4215 549 4288 controversia
572 4206 865 4301 colloqueremur.
916 4205 986 4276 Sed
1007 4204 1055 4273 ita
1077 4227 1200 4293 aegro·
1250 4204 1512 4294 Magdeburgae
1535 4200 1651 4274 adhuc
1664 4228 1743 4274 cum
1760 4204 1893 4273 familia
1908 4199 2057 4290 haereo,
2083 4220 2245 4300 expecra.
2283 4212 2307 4221 -.

210 4340 281 4407 tat,
306 4335 346 4390 ut
359 4321 453 4389 bona
468 4314 633 4384 valetudo
647 4333 740 4393 non,
766 4308 835 4377 nisi
850 4306 1038 4387 divinitus,
1063 4306 1201 4377 restitui
1251 4323 1369 4391 turus,
1403 4332 1473 4398 quo
1496 4331 1551 4376 res
1572 4306 1642 4375 sint
1664 4306 1922 4391 inclinaturac,
1956 4322 1990 4377 et
2012 4310 2125 4377 donec
2145 4332 2246 4402 spem

211 4449 312 4519 1³⁰⁸&
338 4423 510 4491 Vldflalssr·
563 4413 668 4484 lnitia
693 4425 776 4480 sunl
796 4413 861 4502 τῆς
881 4401 1137 4503 παραλύσεως,
1161 4424 1201 4480 ut
1251 4408 1348 4480 Deus
1372 4409 1531 4478 ostendat
1555 4408 1727 4478 redeundi
1747 4407 2024 4497 Wittebergam.
2076 4409 2184 4498 Quod
2205 4423 2248 4481 ur

212 4533 256 4597 de
273 4529 350 4595 viro
368 4522 503 4613 optimo
520 4513 673 4587 Stibaro
690 4513 793 4582 etiam
810 4510 1023 4599 significasti.
1252 4513 1311 4580 fiat
1324 4535 1449 4602 precor
1461 4535 1502 4579 ex
1517 4509 1636 4580 animo
1653 4509 1866 4600 reipublicae
1881 4532 1996 4581 causa.
2023 4509 2133 4598 Quod
2148 4513 2248 4581 enim
2295 4528 2306 4546 .

313 4625 366 4695 De
387 4617 569 4717 Casperia
600 4615 760 4704 negotio,
799 4614 828 4680 si
849 4613 977 4683 itinera
1003 4612 1201 4681 litterarum
1254 4616 1295 4682 ad
1315 4637 1370 4680 me
1387 4613 1522 4695 attinet,
1545 4613 1669 4695 feram,
1691 4612 1896 4703 ubicunque
1910 4609 2018 4695 Deus,
2044 4614 2141 4683 volet
2158 4636 2248 4703 esse,

215 4754 289 4800 uon
314 4725 612 4803 intercludentur,
638 4718 798 4787 existimo
822 4715 1003 4782 dominam
1018 4736 1140 4781 rursus
1158 4714 1203 4781 ad
1253 4715 1361 4806 idque
1382 4714 1450 4803 ipsi
1472 4713 1684 4803 permittam.
1735 4710 1941 4799 Cogitabam
1959 4715 2103 4805 quidem
2120 4715 2160 4784 in
2176 4711 2247 4786 hoc

215 4856 271 4901 me
301 4832 509 4919 scripturam
533 4845 617 4892 esse.
674 4816 763 4887 Nam
789 4818 874 4884 dnm
896 4805 1047 4910 Caspar
1068 4814 1204 4883 tardius
1254 4815 1350 4884 exilii
1368 4814 1481 4884 nostri
1497 4828 1656 4904 tempore
1672 4816 1715 4882 de
1730 4811 1918 4900 Eriordia,
1947 4818 2008 4885 sed
2033 4818 2249 4903 metuebam,

216 4956 314 5004 suam
337 4931 554 4999 voluntatem
577 4920 682 4991 nobis
703 4916 928 5007 significavit,
959 4914 1206 4986 Iurisconsulti
1255 4929 1295 4987 ut
1318 4941 1381 5007 pro
1396 4914 1617 5005 Papistarum
1634 4915 1822 4984 insolentia
1840 4911 1908 4985 boc
1926 4929 2084 5008 tempore
2099 4919 2250 5010 possetis

216 5038 293 5105 sine
314 5032 403 5101 meis
424 5025 569 5108 litteris,
601 5025 645 5091 de
663 5013 1205 5112 Frisioquodamscripserunt,
1254 5041 1320 5088 nos
1343 5016 1551 5109 aliquandiu
1575 5017 1747 5108 recipere,
1781 5031 1842 5087 aut
1862 5031 1902 5087 ut
1923 5019 2044 5089 liceret
2067 5022 2174 5107 nobis
2192 5015 2250 5087 uti

216 5138 316 5207 cuius
339 5156 413 5202 non
433 5129 499 5200 erit
513 5149 598 5197 usus
614 5127 653 5192 in
669 5123 749 5193 aula
766 5136 827 5191 aut
842 5120 931 5193 foro.
981 5118 1142 5189 Scribam
1160 5120 1204 5188 ad
1254 5116 1410 5211 hospitio
1433 5131 1565 5201 vestro,
1592 5118 1815 5209 praesertim,
1841 5118 1871 5186 si
1892 5120 1990 5188 domi
2013 5131 2127 5190 essent
2143 5117 2252 5187 nobis

217 5252 250 5308 te
270 5239 383 5305 donec
400 5242 534 5323 potero.
585 5225 677 5296 Nam
694 5248 756 5314 ego
776 5221 911 5294 etiamsi
931 5222 998 5290 erit
1015 5221 1149 5290 bellum
1166 5221 1205 5289 in
1255 5221 1405 5291 docendi
1427 5219 1684 5306 adolescentes,
1717 5220 1777 5313 qui
1801 5234 1942 5291 nostrae
1962 5219 2046 5289 fidei
2069 5219 2254 5291 commissi

214 5391 421 5418 ,........

250 5463 279 5532 l¹)
299 5460 476 5516 loacbimum.
1288 5449 1317 5520 *t
1337 5451 1472 5509 Videlicet
1484 5452 1631 5522 hyemalis.
