<?xml version="1.0" encoding="UTF-8"?>
<!DOCTYPE html PUBLIC "-//W3C//DTD XHTML 1.0 Transitional//EN"
    "http://www.w3.org/TR/xhtml1/DTD/xhtml1-transitional.dtd">
<html xmlns="http://www.w3.org/1999/xhtml" xml:lang="en" lang="en">
 <head>
  <title>
</title>
<meta http-equiv="Content-Type" content="text/html;charset=utf-8" />
  <meta name='ocr-system' content='tesseract 3.04.00' />
  <meta name='ocr-capabilities' content='ocr_page ocr_carea ocr_par ocr_line ocrx_word'/>
</head>
<body>
  <div class='ocr_page' id='page_1' title='image "./philippimelanth01melagoog/philippimelanth01melagoog_0297.png"; bbox 0 0 4882 6426; ppageno 0'>
   <div class='ocr_carea' id='block_1_1' title="bbox 200 328 2254 446">
    <p class='ocr_par' dir='ltr' id='par_1_1' title="bbox 200 328 2254 446">
     <span class='ocr_line' id='line_1_1' title="bbox 200 328 2254 446; baseline 0.005 -32"><span class='ocrx_word' id='word_1_1' title='bbox 200 336 275 414; x_wconf 82' lang='lat' dir='ltr'><strong>sot</strong></span> <span class='ocrx_word' id='word_1_2' title='bbox 789 328 1669 422; x_wconf 72' lang='lat' dir='ltr'><strong>arrsroranouma.x.1sar.</strong></span> <span class='ocrx_word' id='word_1_3' title='bbox 1931 442 1932 446; x_wconf 7' lang='lat' dir='ltr'><strong>p</strong></span> <span class='ocrx_word' id='word_1_4' title='bbox 2178 350 2254 428; x_wconf 79' lang='lat' dir='ltr'><strong>ssa</strong></span> 
     </span>
    </p>
   </div>
   <div class='ocr_carea' id='block_1_2' title="bbox 198 509 2294 912">
    <p class='ocr_par' dir='ltr' id='par_1_2' title="bbox 198 509 2294 912">
     <span class='ocr_line' id='line_1_2' title="bbox 198 509 2252 607; baseline 0.005 -25"><span class='ocrx_word' id='word_1_5' title='bbox 198 514 364 607; x_wconf 90' lang='lat' dir='ltr'><strong>pietatem</strong></span> <span class='ocrx_word' id='word_1_6' title='bbox 384 537 467 584; x_wconf 89' lang='lat' dir='ltr'><strong>esse.</strong></span> <span class='ocrx_word' id='word_1_7' title='bbox 511 513 595 585; x_wconf 89' lang='lat' dir='ltr'><strong>Ideo</strong></span> <span class='ocrx_word' id='word_1_8' title='bbox 616 516 717 585; x_wconf 89' lang='lat' dir='ltr'><strong>valde</strong></span> <span class='ocrx_word' id='word_1_9' title='bbox 734 541 887 600; x_wconf 85' lang='lat' dir='ltr'><strong>vosoro,</strong></span> <span class='ocrx_word' id='word_1_10' title='bbox 913 531 1047 588; x_wconf 88' lang='lat' dir='ltr'><strong>uteum</strong></span> <span class='ocrx_word' id='word_1_11' title='bbox 1065 517 1206 597; x_wconf 85' lang='lat' dir='ltr'><strong>iuvetis,</strong></span> <span class='ocrx_word' id='word_1_12' title='bbox 1257 512 1383 584; x_wconf 74' lang='lat' dir='ltr'><strong>titiam</strong></span> <span class='ocrx_word' id='word_1_13' title='bbox 1405 515 1635 585; x_wconf 89' lang='lat' dir='ltr'><strong>constitutum</strong></span> <span class='ocrx_word' id='word_1_14' title='bbox 1658 509 1789 585; x_wconf 87' lang='lat' dir='ltr'><strong>babere</strong></span> <span class='ocrx_word' id='word_1_15' title='bbox 1809 517 1855 585; x_wconf 79' lang='lat' dir='ltr'><strong>&#39;de</strong></span> <span class='ocrx_word' id='word_1_16' title='bbox 1879 530 1912 587; x_wconf 90' lang='lat' dir='ltr'><strong>te</strong></span> <span class='ocrx_word' id='word_1_17' title='bbox 1933 513 2144 596; x_wconf 88' lang='lat' dir='ltr'><strong>revocando.</strong></span> <span class='ocrx_word' id='word_1_18' title='bbox 2194 526 2252 593; x_wconf 83' lang='lat' dir='ltr'><strong>An</strong></span> 
     </span>
     <span class='ocr_line' id='line_1_3' title="bbox 199 608 2270 708; baseline 0.003 -22"><span class='ocrx_word' id='word_1_19' title='bbox 199 618 313 687; x_wconf 87' lang='lat' dir='ltr'><strong>donec</strong></span> <span class='ocrx_word' id='word_1_20' title='bbox 334 616 365 683; x_wconf 91' lang='lat' dir='ltr'><strong>ei</strong></span> <span class='ocrx_word' id='word_1_21' title='bbox 384 616 609 687; x_wconf 83' lang='lat' dir='ltr'><strong>inveniemus</strong></span> <span class='ocrx_word' id='word_1_22' title='bbox 624 613 813 687; x_wconf 86' lang='lat' dir='ltr'><strong>honestum</strong></span> <span class='ocrx_word' id='word_1_23' title='bbox 831 619 968 702; x_wconf 91' lang='lat' dir='ltr'><strong>locum,</strong></span> <span class='ocrx_word' id='word_1_24' title='bbox 994 619 1057 687; x_wconf 89' lang='lat' dir='ltr'><strong>ubi</strong></span> <span class='ocrx_word' id='word_1_25' title='bbox 1073 643 1206 688; x_wconf 86' lang='lat' dir='ltr'><strong>mercc—</strong></span> <span class='ocrx_word' id='word_1_26' title='bbox 1255 618 1496 687; x_wconf 88' lang='lat' dir='ltr'><strong>conditionem</strong></span> <span class='ocrx_word' id='word_1_27' title='bbox 1521 618 1565 687; x_wconf 90' lang='lat' dir='ltr'><strong>ab</strong></span> <span class='ocrx_word' id='word_1_28' title='bbox 1590 617 1653 685; x_wconf 91' lang='lat' dir='ltr'><strong>illo</strong></span> <span class='ocrx_word' id='word_1_29' title='bbox 1677 630 1855 706; x_wconf 77' lang='lat' dir='ltr'><strong>acceptare</strong></span> <span class='ocrx_word' id='word_1_30' title='bbox 1878 619 1979 689; x_wconf 91' lang='lat' dir='ltr'><strong>malis</strong></span> <span class='ocrx_word' id='word_1_31' title='bbox 2002 644 2066 691; x_wconf 89' lang='lat' dir='ltr'><strong>nec</strong></span> <span class='ocrx_word' id='word_1_32' title='bbox 2091 646 2152 708; x_wconf 90' lang='lat' dir='ltr'><strong>ne,</strong></span> <span class='ocrx_word' id='word_1_33' title='bbox 2176 608 2270 693; x_wconf 84' lang='lat' dir='ltr'><strong>non¹</strong></span> 
     </span>
     <span class='ocr_line' id='line_1_4' title="bbox 200 712 2252 814; baseline 0.003 -27"><span class='ocrx_word' id='word_1_34' title='bbox 200 718 280 787; x_wconf 92' lang='lat' dir='ltr'><strong>dem</strong></span> <span class='ocrx_word' id='word_1_35' title='bbox 303 741 344 785; x_wconf 85' lang='lat' dir='ltr'><strong>ex</strong></span> <span class='ocrx_word' id='word_1_36' title='bbox 369 718 490 786; x_wconf 90' lang='lat' dir='ltr'><strong>labore</strong></span> <span class='ocrx_word' id='word_1_37' title='bbox 513 720 664 787; x_wconf 92' lang='lat' dir='ltr'><strong>docendi</strong></span> <span class='ocrx_word' id='word_1_38' title='bbox 687 720 902 789; x_wconf 84' lang='lat' dir='ltr'><strong>mediocrem</strong></span> <span class='ocrx_word' id='word_1_39' title='bbox 917 715 1049 789; x_wconf 91' lang='lat' dir='ltr'><strong>habere</strong></span> <span class='ocrx_word' id='word_1_40' title='bbox 1063 720 1203 810; x_wconf 91' lang='lat' dir='ltr'><strong>poterit.</strong></span> <span class='ocrx_word' id='word_1_41' title='bbox 1254 720 1337 786; x_wconf 90' lang='lat' dir='ltr'><strong>satis</strong></span> <span class='ocrx_word' id='word_1_42' title='bbox 1351 732 1568 808; x_wconf 87' lang='lat' dir='ltr'><strong>compertum</strong></span> <span class='ocrx_word' id='word_1_43' title='bbox 1584 712 1708 789; x_wconf 87' lang='lat' dir='ltr'><strong>habeo.</strong></span> <span class='ocrx_word' id='word_1_44' title='bbox 1751 715 1890 805; x_wconf 88' lang='lat' dir='ltr'><strong>Quodsi</strong></span> <span class='ocrx_word' id='word_1_45' title='bbox 1904 721 1984 806; x_wconf 90' lang='lat' dir='ltr'><strong>tibi,</strong></span> <span class='ocrx_word' id='word_1_46' title='bbox 2009 723 2059 790; x_wconf 91' lang='lat' dir='ltr'><strong>mi</strong></span> <span class='ocrx_word' id='word_1_47' title='bbox 2075 719 2252 814; x_wconf 77' lang='lat' dir='ltr'><strong>Philippa,</strong></span> 
     </span>
     <span class='ocr_line' id='line_1_5' title="bbox 199 802 2294 912; baseline 0.003 -24"><span class='ocrx_word' id='word_1_48' title='bbox 199 802 304 888; x_wconf 78' lang='lat' dir='ltr'><strong>Talia</strong></span> <span class='ocrx_word' id='word_1_49' title='bbox 329 818 469 906; x_wconf 87' lang='lat' dir='ltr'><strong>ingenia</strong></span> <span class='ocrx_word' id='word_1_50' title='bbox 486 816 647 909; x_wconf 85' lang='lat' dir='ltr'><strong>Respub.</strong></span> <span class='ocrx_word' id='word_1_51' title='bbox 669 822 820 888; x_wconf 81' lang='lat' dir='ltr'><strong>debebat</strong></span> <span class='ocrx_word' id='word_1_52' title='bbox 846 821 974 910; x_wconf 85' lang='lat' dir='ltr'><strong>eligere</strong></span> <span class='ocrx_word' id='word_1_53' title='bbox 998 823 1042 889; x_wconf 93' lang='lat' dir='ltr'><strong>ad</strong></span> <span class='ocrx_word' id='word_1_54' title='bbox 1062 845 1204 889; x_wconf 92' lang='lat' dir='ltr'><strong>conser-</strong></span> <span class='ocrx_word' id='word_1_55' title='bbox 1253 843 1327 888; x_wconf 91' lang='lat' dir='ltr'><strong>non</strong></span> <span class='ocrx_word' id='word_1_56' title='bbox 1361 821 1515 909; x_wconf 78' lang='lat' dir='ltr'><strong>placeret</strong></span> <span class='ocrx_word' id='word_1_57' title='bbox 1547 818 1705 887; x_wconf 93' lang='lat' dir='ltr'><strong>conditio</strong></span> <span class='ocrx_word' id='word_1_58' title='bbox 1733 831 1895 912; x_wconf 89' lang='lat' dir='ltr'><strong>essetque·</strong></span> <span class='ocrx_word' id='word_1_59' title='bbox 1915 822 2072 906; x_wconf 90' lang='lat' dir='ltr'><strong>animus,</strong></span> <span class='ocrx_word' id='word_1_60' title='bbox 2112 826 2250 895; x_wconf 90' lang='lat' dir='ltr'><strong>omissis</strong></span> <span class='ocrx_word' id='word_1_61' title='bbox 2281 866 2294 911; x_wconf 87' lang='lat'><strong>··.</strong></span> 
     </span>
    </p>
   </div>
   <div class='ocr_carea' id='block_1_3' title="bbox 199 918 2373 1019">
    <p class='ocr_par' dir='ltr' id='par_1_3' title="bbox 199 918 2373 1019">
     <span class='ocr_line' id='line_1_6' title="bbox 199 918 2373 1019; baseline 0.004 -30"><span class='ocrx_word' id='word_1_62' title='bbox 199 920 378 989; x_wconf 76' lang='lat' dir='ltr'><strong>rationem</strong></span> <span class='ocrx_word' id='word_1_63' title='bbox 403 921 606 1004; x_wconf 91' lang='lat' dir='ltr'><strong>literarum,</strong></span> <span class='ocrx_word' id='word_1_64' title='bbox 631 945 696 1012; x_wconf 93' lang='lat' dir='ltr'><strong>pro</strong></span> <span class='ocrx_word' id='word_1_65' title='bbox 712 922 865 991; x_wconf 90' lang='lat' dir='ltr'><strong>utilitate</strong></span> <span class='ocrx_word' id='word_1_66' title='bbox 881 921 1105 1012; x_wconf 87' lang='lat' dir='ltr'><strong>posteritatis.</strong></span> <span class='ocrx_word' id='word_1_67' title='bbox 1131 920 1202 993; x_wconf 90' lang='lat' dir='ltr'><strong>Sed</strong></span> <span class='ocrx_word' id='word_1_68' title='bbox 1252 919 1480 989; x_wconf 88' lang='lat' dir='ltr'><strong>contentiosis</strong></span> <span class='ocrx_word' id='word_1_69' title='bbox 1505 918 1581 987; x_wconf 91' lang='lat' dir='ltr'><strong>istis</strong></span> <span class='ocrx_word' id='word_1_70' title='bbox 1600 919 1727 987; x_wconf 88' lang='lat' dir='ltr'><strong>studiis</strong></span> <span class='ocrx_word' id='word_1_71' title='bbox 1752 919 1867 988; x_wconf 90' lang='lat' dir='ltr'><strong>redire</strong></span> <span class='ocrx_word' id='word_1_72' title='bbox 1884 921 1928 990; x_wconf 93' lang='lat' dir='ltr'><strong>ad</strong></span> <span class='ocrx_word' id='word_1_73' title='bbox 1946 923 2095 1019; x_wconf 78' lang='lat' dir='ltr'><strong>pristina</strong></span> <span class='ocrx_word' id='word_1_74' title='bbox 2111 924 2172 992; x_wconf 92' lang='lat' dir='ltr'><strong>illa</strong></span> <span class='ocrx_word' id='word_1_75' title='bbox 2187 938 2249 996; x_wconf 85' lang='lat' dir='ltr'><strong>tua</strong></span> <span class='ocrx_word' id='word_1_76' title='bbox 2276 928 2281 933; x_wconf 86' lang='grc'><strong>’</strong></span> <span class='ocrx_word' id='word_1_77' title='bbox 2372 932 2373 935; x_wconf 71' lang='grc'>’</span> 
     </span>
    </p>
   </div>
   <div class='ocr_carea' id='block_1_4' title="bbox 194 1015 2249 2125">
    <p class='ocr_par' dir='ltr' id='par_1_4' title="bbox 197 1015 2249 1618">
     <span class='ocr_line' id='line_1_7' title="bbox 198 1015 2249 1113; baseline 0.002 -23"><span class='ocrx_word' id='word_1_78' title='bbox 198 1034 360 1113; x_wconf 87' lang='lat' dir='ltr'><strong>potentes</strong></span> <span class='ocrx_word' id='word_1_79' title='bbox 377 1016 442 1090; x_wconf 92' lang='lat' dir='ltr'><strong>hac</strong></span> <span class='ocrx_word' id='word_1_80' title='bbox 459 1047 542 1091; x_wconf 89' lang='lat' dir='ltr'><strong>cura</strong></span> <span class='ocrx_word' id='word_1_81' title='bbox 561 1045 688 1112; x_wconf 90' lang='lat' dir='ltr'><strong>parum</strong></span> <span class='ocrx_word' id='word_1_82' title='bbox 702 1023 924 1097; x_wconf 87' lang='lat' dir='ltr'><strong>adficiuntur.</strong></span> <span class='ocrx_word' id='word_1_83' title='bbox 969 1020 1066 1092; x_wconf 90' lang='lat' dir='ltr'><strong>Deus</strong></span> <span class='ocrx_word' id='word_1_84' title='bbox 1083 1037 1201 1093; x_wconf 93' lang='lat' dir='ltr'><strong>tamen</strong></span> <span class='ocrx_word' id='word_1_85' title='bbox 1251 1021 1539 1089; x_wconf 89' lang='lat' dir='ltr'><strong>illustrandarum</strong></span> <span class='ocrx_word' id='word_1_86' title='bbox 1564 1020 1785 1107; x_wconf 84' lang='lat' dir='ltr'><strong>linguarum,</strong></span> <span class='ocrx_word' id='word_1_87' title='bbox 1811 1015 2081 1112; x_wconf 85' lang='lat' dir='ltr'><strong>Philosophiae,</strong></span> <span class='ocrx_word' id='word_1_88' title='bbox 2108 1020 2249 1096; x_wconf 85' lang='lat' dir='ltr'><strong>Rheto-</strong></span> 
     </span>
     <span class='ocr_line' id='line_1_8' title="bbox 199 1119 2248 1218; baseline 0.001 -27"><span class='ocrx_word' id='word_1_89' title='bbox 199 1121 386 1191; x_wconf 80' lang='lat' dir='ltr'><strong>seminaria</strong></span> <span class='ocrx_word' id='word_1_90' title='bbox 403 1123 522 1215; x_wconf 90' lang='lat' dir='ltr'><strong>aliqua</strong></span> <span class='ocrx_word' id='word_1_91' title='bbox 537 1137 670 1192; x_wconf 89' lang='lat' dir='ltr'><strong>servat:</strong></span> <span class='ocrx_word' id='word_1_92' title='bbox 696 1137 729 1193; x_wconf 88' lang='lat' dir='ltr'><strong>et</strong></span> <span class='ocrx_word' id='word_1_93' title='bbox 747 1137 784 1192; x_wconf 91' lang='lat' dir='ltr'><strong>ut</strong></span> <span class='ocrx_word' id='word_1_94' title='bbox 800 1138 925 1209; x_wconf 88' lang='lat' dir='ltr'><strong>servet,</strong></span> <span class='ocrx_word' id='word_1_95' title='bbox 950 1146 1032 1192; x_wconf 89' lang='lat' dir='ltr'><strong>eum</strong></span> <span class='ocrx_word' id='word_1_96' title='bbox 1049 1147 1201 1196; x_wconf 89' lang='lat' dir='ltr'><strong>oremus.</strong></span> <span class='ocrx_word' id='word_1_97' title='bbox 1249 1122 1356 1203; x_wconf 82' lang='lat' dir='ltr'><strong>tices,</strong></span> <span class='ocrx_word' id='word_1_98' title='bbox 1381 1119 1606 1205; x_wconf 90' lang='lat' dir='ltr'><strong>Dialectices,</strong></span> <span class='ocrx_word' id='word_1_99' title='bbox 1632 1134 1667 1188; x_wconf 90' lang='lat' dir='ltr'><strong>et</strong></span> <span class='ocrx_word' id='word_1_100' title='bbox 1688 1121 1757 1189; x_wconf 90' lang='lat' dir='ltr'><strong>alia</strong></span> <span class='ocrx_word' id='word_1_101' title='bbox 1780 1119 1855 1189; x_wconf 89' lang='lat' dir='ltr'><strong>eius</strong></span> <span class='ocrx_word' id='word_1_102' title='bbox 1872 1124 2029 1209; x_wconf 86' lang='lat' dir='ltr'><strong>generis,</strong></span> <span class='ocrx_word' id='word_1_103' title='bbox 2060 1124 2097 1191; x_wconf 92' lang='lat' dir='ltr'><strong>in</strong></span> <span class='ocrx_word' id='word_1_104' title='bbox 2118 1126 2248 1218; x_wconf 91' lang='lat' dir='ltr'><strong>quibus</strong></span> 
     </span>
     <span class='ocr_line' id='line_1_9' title="bbox 198 1220 2247 1317; baseline 0 -23"><span class='ocrx_word' id='word_1_105' title='bbox 198 1221 297 1294; x_wconf 88' lang='lat' dir='ltr'><strong>Sicut</strong></span> <span class='ocrx_word' id='word_1_106' title='bbox 321 1224 490 1311; x_wconf 90' lang='lat' dir='ltr'><strong>scriptum</strong></span> <span class='ocrx_word' id='word_1_107' title='bbox 516 1231 584 1294; x_wconf 87' lang='lat' dir='ltr'><strong>est:</strong></span> <span class='ocrx_word' id='word_1_108' title='bbox 619 1220 749 1309; x_wconf 89' lang='lat' dir='ltr'><strong>Orate,</strong></span> <span class='ocrx_word' id='word_1_109' title='bbox 774 1239 814 1294; x_wconf 87' lang='lat' dir='ltr'><strong>ut</strong></span> <span class='ocrx_word' id='word_1_110' title='bbox 833 1227 996 1294; x_wconf 85' lang='lat' dir='ltr'><strong>extrudat</strong></span> <span class='ocrx_word' id='word_1_111' title='bbox 1010 1222 1106 1295; x_wconf 89' lang='lat' dir='ltr'><strong>Deus</strong></span> <span class='ocrx_word' id='word_1_112' title='bbox 1121 1225 1200 1294; x_wconf 91' lang='lat' dir='ltr'><strong>ido·</strong></span> <span class='ocrx_word' id='word_1_113' title='bbox 1249 1223 1335 1291; x_wconf 89' lang='lat' dir='ltr'><strong>citra</strong></span> <span class='ocrx_word' id='word_1_114' title='bbox 1358 1223 1515 1314; x_wconf 89' lang='lat' dir='ltr'><strong>culpam,</strong></span> <span class='ocrx_word' id='word_1_115' title='bbox 1542 1223 1624 1291; x_wconf 87' lang='lat' dir='ltr'><strong>licet</strong></span> <span class='ocrx_word' id='word_1_116' title='bbox 1647 1246 1665 1288; x_wconf 90' lang='lat' dir='ltr'><strong>a</strong></span> <span class='ocrx_word' id='word_1_117' title='bbox 1688 1222 1848 1290; x_wconf 91' lang='lat' dir='ltr'><strong>barbaris</strong></span> <span class='ocrx_word' id='word_1_118' title='bbox 1872 1223 1968 1292; x_wconf 89' lang='lat' dir='ltr'><strong>illata</strong></span> <span class='ocrx_word' id='word_1_119' title='bbox 1990 1248 2087 1293; x_wconf 92' lang='lat' dir='ltr'><strong>arma</strong></span> <span class='ocrx_word' id='word_1_120' title='bbox 2105 1228 2247 1317; x_wconf 93' lang='lat' dir='ltr'><strong>propel-</strong></span> 
     </span>
     <span class='ocr_line' id='line_1_10' title="bbox 197 1319 2248 1418; baseline 0.001 -25"><span class='ocrx_word' id='word_1_121' title='bbox 197 1324 283 1393; x_wconf 85' lang='lat' dir='ltr'><strong>neos</strong></span> <span class='ocrx_word' id='word_1_122' title='bbox 312 1325 505 1396; x_wconf 88' lang='lat' dir='ltr'><strong>ministros.</strong></span> <span class='ocrx_word' id='word_1_123' title='bbox 564 1323 662 1395; x_wconf 88' lang='lat' dir='ltr'><strong>Bene</strong></span> <span class='ocrx_word' id='word_1_124' title='bbox 694 1339 729 1397; x_wconf 88' lang='lat' dir='ltr'><strong>et</strong></span> <span class='ocrx_word' id='word_1_125' title='bbox 752 1326 925 1396; x_wconf 88' lang='lat' dir='ltr'><strong>foeliciter</strong></span> <span class='ocrx_word' id='word_1_126' title='bbox 949 1327 1072 1399; x_wconf 91' lang='lat' dir='ltr'><strong>valete.</strong></span> <span class='ocrx_word' id='word_1_127' title='bbox 1131 1324 1200 1395; x_wconf 90' lang='lat' dir='ltr'><strong>Die</strong></span> <span class='ocrx_word' id='word_1_128' title='bbox 1248 1324 1339 1408; x_wconf 90' lang='lat' dir='ltr'><strong>lere,</strong></span> <span class='ocrx_word' id='word_1_129' title='bbox 1366 1339 1400 1393; x_wconf 91' lang='lat' dir='ltr'><strong>et</strong></span> <span class='ocrx_word' id='word_1_130' title='bbox 1414 1324 1507 1392; x_wconf 90' lang='lat' dir='ltr'><strong>ultro</strong></span> <span class='ocrx_word' id='word_1_131' title='bbox 1526 1319 1663 1393; x_wconf 88' lang='lat' dir='ltr'><strong>hostem</strong></span> <span class='ocrx_word' id='word_1_132' title='bbox 1677 1323 1856 1408; x_wconf 88' lang='lat' dir='ltr'><strong>lacessere,</strong></span> <span class='ocrx_word' id='word_1_133' title='bbox 1881 1336 1942 1394; x_wconf 91' lang='lat' dir='ltr'><strong>tua</strong></span> <span class='ocrx_word' id='word_1_134' title='bbox 1957 1325 2104 1418; x_wconf 92' lang='lat' dir='ltr'><strong>inquam</strong></span> <span class='ocrx_word' id='word_1_135' title='bbox 2118 1327 2248 1413; x_wconf 85' lang='lat' dir='ltr'><strong>studia,</strong></span> 
     </span>
     <span class='ocr_line' id='line_1_11' title="bbox 197 1421 2246 1517; baseline 0.001 -21"><span class='ocrx_word' id='word_1_136' title='bbox 197 1426 233 1498; x_wconf 88' lang='grc'><strong>6.</strong></span> <span class='ocrx_word' id='word_1_137' title='bbox 249 1426 363 1512; x_wconf 90' lang='lat' dir='ltr'><strong>Iunii,</strong></span> <span class='ocrx_word' id='word_1_138' title='bbox 392 1421 501 1496; x_wconf 81' lang='lat'><strong>1547.</strong></span> <span class='ocrx_word' id='word_1_139' title='bbox 1249 1425 1288 1492; x_wconf 94' lang='lat' dir='ltr'><strong>in</strong></span> <span class='ocrx_word' id='word_1_140' title='bbox 1309 1425 1437 1517; x_wconf 91' lang='lat' dir='ltr'><strong>quibus</strong></span> <span class='ocrx_word' id='word_1_141' title='bbox 1457 1425 1544 1492; x_wconf 86' lang='lat' dir='ltr'><strong>olim</strong></span> <span class='ocrx_word' id='word_1_142' title='bbox 1565 1445 1691 1512; x_wconf 81' lang='lat' dir='ltr'><strong>magna</strong></span> <span class='ocrx_word' id='word_1_143' title='bbox 1709 1446 1789 1491; x_wconf 91' lang='lat' dir='ltr'><strong>cum</strong></span> <span class='ocrx_word' id='word_1_144' title='bbox 1805 1423 1910 1494; x_wconf 90' lang='lat' dir='ltr'><strong>laude</strong></span> <span class='ocrx_word' id='word_1_145' title='bbox 1928 1440 2085 1501; x_wconf 85' lang='lat' dir='ltr'><strong>versatus</strong></span> <span class='ocrx_word' id='word_1_146' title='bbox 2102 1450 2156 1508; x_wconf 88' lang='lat' dir='ltr'><strong>es,</strong></span> <span class='ocrx_word' id='word_1_147' title='bbox 2182 1429 2246 1498; x_wconf 91' lang='lat' dir='ltr'><strong>ubi</strong></span> 
     </span>
     <span class='ocr_line' id='line_1_12' title="bbox 708 1522 2247 1618; baseline 0.001 -21"><span class='ocrx_word' id='word_1_148' title='bbox 708 1522 898 1618; x_wconf 89' lang='lat' dir='ltr'><strong>Philippus</strong></span> <span class='ocrx_word' id='word_1_149' title='bbox 922 1522 1147 1599; x_wconf 90' lang='lat' dir='ltr'><strong>Melanthon.</strong></span> <span class='ocrx_word' id='word_1_150' title='bbox 1248 1540 1282 1597; x_wconf 88' lang='lat' dir='ltr'><strong>te</strong></span> <span class='ocrx_word' id='word_1_151' title='bbox 1304 1526 1420 1594; x_wconf 92' lang='lat' dir='ltr'><strong>redire</strong></span> <span class='ocrx_word' id='word_1_152' title='bbox 1441 1538 1546 1617; x_wconf 88' lang='lat' dir='ltr'><strong>atque</strong></span> <span class='ocrx_word' id='word_1_153' title='bbox 1569 1548 1608 1593; x_wconf 90' lang='lat' dir='ltr'><strong>ea</strong></span> <span class='ocrx_word' id='word_1_154' title='bbox 1629 1526 1673 1593; x_wconf 90' lang='lat' dir='ltr'><strong>de</strong></span> <span class='ocrx_word' id='word_1_155' title='bbox 1696 1546 1798 1593; x_wconf 92' lang='lat' dir='ltr'><strong>causa</strong></span> <span class='ocrx_word' id='word_1_156' title='bbox 1819 1525 1889 1594; x_wconf 93' lang='lat' dir='ltr'><strong>alio</strong></span> <span class='ocrx_word' id='word_1_157' title='bbox 1904 1550 2008 1618; x_wconf 89' lang='lat' dir='ltr'><strong>quam</strong></span> <span class='ocrx_word' id='word_1_158' title='bbox 2025 1526 2247 1617; x_wconf 84' lang='lat' dir='ltr'><strong>Vitebergae,</strong></span> 
     </span>
    </p>

    <p class='ocr_par' dir='ltr' id='par_1_5' title="bbox 1247 1621 2247 1716">
     <span class='ocr_line' id='line_1_13' title="bbox 1247 1621 2247 1716; baseline 0.004 -21"><span class='ocrx_word' id='word_1_159' title='bbox 1247 1627 1417 1696; x_wconf 90' lang='lat' dir='ltr'><strong>nimirum</strong></span> <span class='ocrx_word' id='word_1_160' title='bbox 1440 1626 1479 1695; x_wconf 95' lang='lat' dir='ltr'><strong>in</strong></span> <span class='ocrx_word' id='word_1_161' title='bbox 1501 1627 1577 1696; x_wconf 92' lang='lat' dir='ltr'><strong>solo</strong></span> <span class='ocrx_word' id='word_1_162' title='bbox 1600 1625 1709 1696; x_wconf 89' lang='lat' dir='ltr'><strong>natali</strong></span> <span class='ocrx_word' id='word_1_163' title='bbox 1730 1625 1825 1716; x_wconf 89' lang='lat' dir='ltr'><strong>apud</strong></span> <span class='ocrx_word' id='word_1_164' title='bbox 1838 1621 2034 1697; x_wconf 85' lang='lat' dir='ltr'><strong>Rhenanus</strong></span> <span class='ocrx_word' id='word_1_165' title='bbox 2055 1642 2136 1699; x_wconf 85' lang='lat' dir='ltr'><strong>tuos</strong></span> <span class='ocrx_word' id='word_1_166' title='bbox 2159 1652 2247 1699; x_wconf 79' lang='lat' dir='ltr'><strong>con·</strong></span> 
     </span>
    </p>

    <p class='ocr_par' dir='ltr' id='par_1_6' title="bbox 519 1727 2245 1824">
     <span class='ocr_line' id='line_1_14' title="bbox 519 1727 2245 1824; baseline 0.003 -29"><span class='ocrx_word' id='word_1_167' title='bbox 519 1806 524 1821; x_wconf 34' lang='grc' dir='ltr'>Ι</span> <span class='ocrx_word' id='word_1_168' title='bbox 1247 1729 1418 1798; x_wconf 93' lang='lat' dir='ltr'><strong>ditionem</strong></span> <span class='ocrx_word' id='word_1_169' title='bbox 1435 1728 1491 1796; x_wconf 91' lang='lat' dir='ltr'><strong>vel</strong></span> <span class='ocrx_word' id='word_1_170' title='bbox 1506 1750 1693 1820; x_wconf 90' lang='lat' dir='ltr'><strong>quaerere,</strong></span> <span class='ocrx_word' id='word_1_171' title='bbox 1718 1727 1776 1794; x_wconf 88' lang='lat' dir='ltr'><strong>vel</strong></span> <span class='ocrx_word' id='word_1_172' title='bbox 1792 1739 1970 1819; x_wconf 87' lang='lat' dir='ltr'><strong>acceptare</strong></span> <span class='ocrx_word' id='word_1_173' title='bbox 1983 1729 2093 1813; x_wconf 89' lang='lat' dir='ltr'><strong>velle,</strong></span> <span class='ocrx_word' id='word_1_174' title='bbox 2118 1755 2245 1824; x_wconf 89' lang='lat' dir='ltr'><strong>meque</strong></span> 
     </span>
    </p>

    <p class='ocr_par' dir='ltr' id='par_1_7' title="bbox 194 1829 2244 2125">
     <span class='ocr_line' id='line_1_15' title="bbox 194 1829 2244 1958; baseline 0 -59"><span class='ocrx_word' id='word_1_175' title='bbox 194 1885 227 1957; x_wconf 76' lang='lat' dir='ltr'>N</span> <span class='ocrx_word' id='word_1_176' title='bbox 284 1885 384 1958; x_wconf 63' lang='lat'>3902</span> <span class='ocrx_word' id='word_1_177' title='bbox 1106 1893 1127 1953; x_wconf 75' lang='lat' dir='ltr'>h</span> <span class='ocrx_word' id='word_1_178' title='bbox 1246 1831 1512 1902; x_wconf 88' lang='lat' dir='ltr'><strong>intercessorem</strong></span> <span class='ocrx_word' id='word_1_179' title='bbox 1527 1829 1585 1899; x_wconf 88' lang='lat' dir='ltr'><strong>vel</strong></span> <span class='ocrx_word' id='word_1_180' title='bbox 1599 1840 1863 1920; x_wconf 88' lang='lat' dir='ltr'><strong>procuratorem</strong></span> <span class='ocrx_word' id='word_1_181' title='bbox 1879 1830 1991 1899; x_wconf 86' lang='lat' dir='ltr'><strong>facere</strong></span> <span class='ocrx_word' id='word_1_182' title='bbox 2016 1854 2117 1921; x_wconf 90' lang='lat' dir='ltr'><strong>posse</strong></span> <span class='ocrx_word' id='word_1_183' title='bbox 2135 1832 2244 1900; x_wconf 87' lang='lat' dir='ltr'><strong>resei-</strong></span> 
     </span>
     <span class='ocr_line' id='line_1_16' title="bbox 196 1891 2244 2023; baseline -0 -22"><span class='ocrx_word' id='word_1_184' title='bbox 196 1912 399 2012; x_wconf 37' lang='lat'><strong>„00242</strong></span> <span class='ocrx_word' id='word_1_185' title='bbox 1089 1891 1105 1972; x_wconf 90' lang='lat'>(</span> <span class='ocrx_word' id='word_1_186' title='bbox 1129 1936 1136 1952; x_wconf 91' lang='lat'>&#39;</span> <span class='ocrx_word' id='word_1_187' title='bbox 1158 1893 1197 1974; x_wconf 90' lang='lat' dir='ltr'><strong>t.)</strong></span> <span class='ocrx_word' id='word_1_188' title='bbox 1246 1957 1352 2017; x_wconf 90' lang='lat' dir='ltr'><strong>vero,</strong></span> <span class='ocrx_word' id='word_1_189' title='bbox 1377 1932 1548 2023; x_wconf 91' lang='lat' dir='ltr'><strong>polliceor</strong></span> <span class='ocrx_word' id='word_1_190' title='bbox 1569 1930 1637 2000; x_wconf 93' lang='lat' dir='ltr'><strong>tibi</strong></span> <span class='ocrx_word' id='word_1_191' title='bbox 1655 1952 1797 2019; x_wconf 89' lang='lat' dir='ltr'><strong>operam</strong></span> <span class='ocrx_word' id='word_1_192' title='bbox 1816 1952 1928 1997; x_wconf 90' lang='lat' dir='ltr'><strong>meam</strong></span> <span class='ocrx_word' id='word_1_193' title='bbox 1945 1953 2086 1998; x_wconf 89' lang='lat' dir='ltr'><strong>omnem</strong></span> <span class='ocrx_word' id='word_1_194' title='bbox 2106 1934 2144 2023; x_wconf 89' lang='lat' dir='ltr'><strong>in</strong></span> <span class='ocrx_word' id='word_1_195' title='bbox 2161 1957 2244 2022; x_wconf 89' lang='lat' dir='ltr'><strong>pro-</strong></span> 
     </span>
     <span class='ocr_line' id='line_1_17' title="bbox 1247 2026 2244 2125; baseline -0.002 -23"><span class='ocrx_word' id='word_1_196' title='bbox 1247 2035 1402 2103; x_wconf 87' lang='lat' dir='ltr'><strong>curanda</strong></span> <span class='ocrx_word' id='word_1_197' title='bbox 1424 2033 1542 2125; x_wconf 91' lang='lat' dir='ltr'><strong>aliqua</strong></span> <span class='ocrx_word' id='word_1_198' title='bbox 1567 2026 1714 2100; x_wconf 91' lang='lat' dir='ltr'><strong>honesta</strong></span> <span class='ocrx_word' id='word_1_199' title='bbox 1738 2030 1959 2115; x_wconf 90' lang='lat' dir='ltr'><strong>conditione,</strong></span> <span class='ocrx_word' id='word_1_200' title='bbox 1986 2055 2053 2122; x_wconf 93' lang='lat' dir='ltr'><strong>qua</strong></span> <span class='ocrx_word' id='word_1_201' title='bbox 2071 2035 2181 2102; x_wconf 86' lang='lat' dir='ltr'><strong>btmas</strong></span> <span class='ocrx_word' id='word_1_202' title='bbox 2198 2035 2244 2101; x_wconf 89' lang='lat' dir='ltr'><strong>li-</strong></span> 
     </span>
    </p>
   </div>
   <div class='ocr_carea' id='block_1_5' title="bbox 280 2129 2245 2328">
    <p class='ocr_par' dir='ltr' id='par_1_8' title="bbox 280 2129 2245 2328">
     <span class='ocr_line' id='line_1_18' title="bbox 419 2129 2244 2238; baseline -0.001 -33"><span class='ocrx_word' id='word_1_203' title='bbox 419 2214 424 2221; x_wconf 44' lang='lat'><strong>,</strong></span> <span class='ocrx_word' id='word_1_204' title='bbox 538 2197 554 2238; x_wconf 51' lang='lat' dir='ltr'><em>l</em></span> <span class='ocrx_word' id='word_1_205' title='bbox 1247 2148 1338 2204; x_wconf 86' lang='lat' dir='ltr'><strong>teras</strong></span> <span class='ocrx_word' id='word_1_206' title='bbox 1359 2133 1516 2226; x_wconf 84' lang='lat' dir='ltr'><strong>profiteri</strong></span> <span class='ocrx_word' id='word_1_207' title='bbox 1542 2155 1659 2225; x_wconf 90' lang='lat' dir='ltr'><strong>queas.</strong></span> <span class='ocrx_word' id='word_1_208' title='bbox 1719 2129 1832 2222; x_wconf 90' lang='lat' dir='ltr'><strong>quue</strong></span> <span class='ocrx_word' id='word_1_209' title='bbox 1859 2155 1939 2199; x_wconf 92' lang='lat' dir='ltr'><strong>cum</strong></span> <span class='ocrx_word' id='word_1_210' title='bbox 1965 2132 2059 2200; x_wconf 93' lang='lat' dir='ltr'><strong>bona</strong></span> <span class='ocrx_word' id='word_1_211' title='bbox 2085 2131 2244 2203; x_wconf 86' lang='lat' dir='ltr'><strong>Caesaris</strong></span> 
     </span>
     <span class='ocr_line' id='line_1_19' title="bbox 280 2223 2245 2328; baseline -0.003 -21"><span class='ocrx_word' id='word_1_212' title='bbox 280 2229 302 2291; x_wconf 91' lang='lat'>†</span> <span class='ocrx_word' id='word_1_213' title='bbox 322 2223 360 2276; x_wconf 66' lang='grc' dir='ltr'><strong>Ε*</strong></span> <span class='ocrx_word' id='word_1_214' title='bbox 373 2223 530 2296; x_wconf 68' lang='lat' dir='ltr'><strong>²P⁰l¹³P¹¹⁰</strong></span> <span class='ocrx_word' id='word_1_215' title='bbox 543 2242 572 2277; x_wconf 79' lang='lat'><strong>¹¹¹</strong></span> <span class='ocrx_word' id='word_1_216' title='bbox 586 2224 649 2280; x_wconf 63' lang='lat'><strong>⁰⁰⁶·</strong></span> <span class='ocrx_word' id='word_1_217' title='bbox 663 2223 761 2281; x_wconf 59' lang='grc' dir='ltr'><strong>ΒΜ·</strong></span> <span class='ocrx_word' id='word_1_218' title='bbox 778 2223 843 2278; x_wconf 72' lang='lat' dir='ltr'><strong>V⁰¹·</strong></span> <span class='ocrx_word' id='word_1_219' title='bbox 857 2223 878 2280; x_wconf 83' lang='lat'><strong>¹·</strong></span> <span class='ocrx_word' id='word_1_220' title='bbox 895 2244 922 2296; x_wconf 81' lang='grc' dir='ltr'><strong>Ρ·</strong></span> <span class='ocrx_word' id='word_1_221' title='bbox 936 2225 997 2282; x_wconf 78' lang='lat'><strong>⁷⁰4·</strong></span> <span class='ocrx_word' id='word_1_222' title='bbox 1247 2236 1370 2319; x_wconf 88' lang='lat' dir='ltr'><strong>venia,</strong></span> <span class='ocrx_word' id='word_1_223' title='bbox 1402 2258 1506 2328; x_wconf 90' lang='lat' dir='ltr'><strong>quem</strong></span> <span class='ocrx_word' id='word_1_224' title='bbox 1527 2258 1628 2323; x_wconf 90' lang='lat' dir='ltr'><strong>spero</strong></span> <span class='ocrx_word' id='word_1_225' title='bbox 1651 2258 1671 2300; x_wconf 90' lang='lat' dir='ltr'><strong>a</strong></span> <span class='ocrx_word' id='word_1_226' title='bbox 1696 2232 1853 2320; x_wconf 87' lang='lat' dir='ltr'><strong>principe</strong></span> <span class='ocrx_word' id='word_1_227' title='bbox 1869 2232 2030 2301; x_wconf 91' lang='lat' dir='ltr'><strong>omnium</strong></span> <span class='ocrx_word' id='word_1_228' title='bbox 2045 2234 2245 2302; x_wconf 90' lang='lat' dir='ltr'><strong>clementis-</strong></span> 
     </span>
    </p>
   </div>
   <div class='ocr_carea' id='block_1_6' title="bbox 194 2333 2244 2577">
    <p class='ocr_par' dir='ltr' id='par_1_9' title="bbox 194 2333 2244 2577">
     <span class='ocr_line' id='line_1_20' title="bbox 194 2333 2243 2482; baseline -0.019 -49"><span class='ocrx_word' id='word_1_229' title='bbox 194 2377 372 2482; x_wconf 61' lang='lat' dir='ltr'><strong>Epispoh,</strong></span> <span class='ocrx_word' id='word_1_230' title='bbox 408 2374 704 2475; x_wconf 54' lang='lat' dir='ltr'><em>Oberbmgii</em></span> <span class='ocrx_word' id='word_1_231' title='bbox 733 2375 790 2450; x_wconf 68' lang='lat' dir='ltr'><strong>ad</strong></span> <span class='ocrx_word' id='word_1_232' title='bbox 819 2376 1179 2456; x_wconf 49' lang='lat' dir='ltr'><em>Melanthum</em></span> <span class='ocrx_word' id='word_1_233' title='bbox 1247 2337 1436 2455; x_wconf 77' lang='lat' dir='ltr'><strong>simonon</strong></span> <span class='ocrx_word' id='word_1_234' title='bbox 1458 2358 1586 2453; x_wconf 63' lang='lat' dir='ltr'><strong>magno</strong></span> <span class='ocrx_word' id='word_1_235' title='bbox 1612 2334 1734 2450; x_wconf 81' lang='lat' dir='ltr'><strong>labore</strong></span> <span class='ocrx_word' id='word_1_236' title='bbox 1756 2334 1983 2421; x_wconf 89' lang='lat' dir='ltr'><strong>impetratum</strong></span> <span class='ocrx_word' id='word_1_237' title='bbox 2007 2333 2062 2401; x_wconf 88' lang='lat' dir='ltr'><strong>iri.</strong></span> <span class='ocrx_word' id='word_1_238' title='bbox 2123 2333 2243 2422; x_wconf 77' lang='lat' dir='ltr'><strong>Quare</strong></span> 
     </span>
     <span class='ocr_line' id='line_1_21' title="bbox 289 2433 2244 2577; baseline -0.015 -45"><span class='ocrx_word' id='word_1_239' title='bbox 289 2496 417 2577; x_wconf 33' lang='grc' dir='ltr'><strong>βῆμα,</strong></span> <span class='ocrx_word' id='word_1_240' title='bbox 443 2503 478 2552; x_wconf 68' lang='lat' dir='ltr'><strong>u,</strong></span> <span class='ocrx_word' id='word_1_241' title='bbox 494 2504 703 2571; x_wconf 85' lang='lat' dir='ltr'><strong>argumentum</strong></span> <span class='ocrx_word' id='word_1_242' title='bbox 720 2489 817 2571; x_wconf 52' lang='lat' dir='ltr'>dom,</span> <span class='ocrx_word' id='word_1_243' title='bbox 836 2505 905 2574; x_wconf 60' lang='lat' dir='ltr'><strong>pos,</strong></span> <span class='ocrx_word' id='word_1_244' title='bbox 919 2499 951 2561; x_wconf 45' lang='lat'><strong>6·</strong></span> <span class='ocrx_word' id='word_1_245' title='bbox 965 2489 1096 2559; x_wconf 44' lang='lat' dir='ltr'><strong>munii·</strong></span> <span class='ocrx_word' id='word_1_246' title='bbox 1152 2467 1155 2473; x_wconf 90' lang='lat'>·</span> <span class='ocrx_word' id='word_1_247' title='bbox 1188 2443 1198 2475; x_wconf 95' lang='lat'>&#39;</span> <span class='ocrx_word' id='word_1_248' title='bbox 1247 2461 1423 2507; x_wconf 78' lang='lat' dir='ltr'><strong>carissrme</strong></span> <span class='ocrx_word' id='word_1_249' title='bbox 1439 2433 1623 2527; x_wconf 77' lang='lat' dir='ltr'><strong>Philippe‚</strong></span> <span class='ocrx_word' id='word_1_250' title='bbox 1652 2458 1691 2502; x_wconf 79' lang='grc' dir='ltr'><strong>ιη</strong></span> <span class='ocrx_word' id='word_1_251' title='bbox 1712 2448 1773 2503; x_wconf 88' lang='lat' dir='ltr'><strong>tuo</strong></span> <span class='ocrx_word' id='word_1_252' title='bbox 1800 2446 1834 2501; x_wconf 90' lang='lat' dir='ltr'><strong>et</strong></span> <span class='ocrx_word' id='word_1_253' title='bbox 1848 2434 2083 2523; x_wconf 90' lang='lat' dir='ltr'><strong>professorum</strong></span> <span class='ocrx_word' id='word_1_254' title='bbox 2099 2447 2244 2504; x_wconf 92' lang='lat' dir='ltr'><strong>tuorum</strong></span> 
     </span>
    </p>
   </div>
   <div class='ocr_carea' id='block_1_7' title="bbox 187 2529 2258 4964">
    <p class='ocr_par' dir='ltr' id='par_1_10' title="bbox 193 2529 2258 4149">
     <span class='ocr_line' id='line_1_22' title="bbox 1246 2529 2258 2628; baseline -0.005 -20"><span class='ocrx_word' id='word_1_255' title='bbox 1246 2540 1394 2609; x_wconf 90' lang='lat' dir='ltr'><strong>arbitrio</strong></span> <span class='ocrx_word' id='word_1_256' title='bbox 1410 2538 1563 2628; x_wconf 91' lang='lat' dir='ltr'><strong>positum</strong></span> <span class='ocrx_word' id='word_1_257' title='bbox 1579 2550 1647 2616; x_wconf 92' lang='lat' dir='ltr'><strong>est,</strong></span> <span class='ocrx_word' id='word_1_258' title='bbox 1674 2558 1761 2604; x_wconf 93' lang='lat' dir='ltr'><strong>num</strong></span> <span class='ocrx_word' id='word_1_259' title='bbox 1776 2532 1869 2603; x_wconf 90' lang='lat' dir='ltr'><strong>Duci</strong></span> <span class='ocrx_word' id='word_1_260' title='bbox 1882 2529 2071 2603; x_wconf 74' lang='lat' dir='ltr'><strong>Mamilio</strong></span> <span class='ocrx_word' id='word_1_261' title='bbox 2085 2532 2258 2606; x_wconf 88' lang='lat' dir='ltr'><strong>Electori.</strong></span> 
     </span>
     <span class='ocr_line' id='line_1_23' title="bbox 194 2617 2245 2731; baseline -0 -25"><span class='ocrx_word' id='word_1_262' title='bbox 194 2617 256 2707; x_wconf 80' lang='lat' dir='ltr'><strong>Ex</strong></span> <span class='ocrx_word' id='word_1_263' title='bbox 277 2631 334 2705; x_wconf 88' lang='lat' dir='ltr'><strong>his</strong></span> <span class='ocrx_word' id='word_1_264' title='bbox 357 2660 446 2728; x_wconf 87' lang='lat' dir='ltr'><strong>quae</strong></span> <span class='ocrx_word' id='word_1_265' title='bbox 462 2657 576 2725; x_wconf 90' lang='lat' dir='ltr'><strong>nuper</strong></span> <span class='ocrx_word' id='word_1_266' title='bbox 593 2635 755 2725; x_wconf 88' lang='lat' dir='ltr'><strong>rescripsi</strong></span> <span class='ocrx_word' id='word_1_267' title='bbox 772 2634 953 2705; x_wconf 84' lang='lat' dir='ltr'><strong>ad&#39;literas</strong></span> <span class='ocrx_word' id='word_1_268' title='bbox 968 2650 1064 2724; x_wconf 87' lang='lat' dir='ltr'><strong>tuas,</strong></span> <span class='ocrx_word' id='word_1_269' title='bbox 1090 2663 1197 2709; x_wconf 89' lang='lat' dir='ltr'><strong>orna·</strong></span> <span class='ocrx_word' id='word_1_270' title='bbox 1246 2663 1390 2731; x_wconf 90' lang='lat' dir='ltr'><strong>operam</strong></span> <span class='ocrx_word' id='word_1_271' title='bbox 1414 2653 1564 2706; x_wconf 90' lang='lat' dir='ltr'><strong>vestram</strong></span> <span class='ocrx_word' id='word_1_272' title='bbox 1586 2638 1681 2706; x_wconf 91' lang='lat' dir='ltr'><strong>ultro</strong></span> <span class='ocrx_word' id='word_1_273' title='bbox 1704 2636 1862 2719; x_wconf 88' lang='lat' dir='ltr'><strong>deferre,</strong></span> <span class='ocrx_word' id='word_1_274' title='bbox 1888 2659 1934 2703; x_wconf 92' lang='lat' dir='ltr'><strong>an</strong></span> <span class='ocrx_word' id='word_1_275' title='bbox 1957 2648 2139 2728; x_wconf 86' lang='lat' dir='ltr'><strong>expectare</strong></span> <span class='ocrx_word' id='word_1_276' title='bbox 2154 2639 2245 2706; x_wconf 82' lang='lat' dir='ltr'><strong>veli-</strong></span> 
     </span>
     <span class='ocr_line' id='line_1_24' title="bbox 195 2734 2244 2831; baseline -0.001 -23"><span class='ocrx_word' id='word_1_277' title='bbox 195 2739 328 2809; x_wconf 87' lang='lat' dir='ltr'><strong>tissime</strong></span> <span class='ocrx_word' id='word_1_278' title='bbox 344 2734 522 2828; x_wconf 82' lang='lat' dir='ltr'><strong>Philippa,</strong></span> <span class='ocrx_word' id='word_1_279' title='bbox 541 2736 635 2814; x_wconf 90' lang='lat' dir='ltr'><strong>satis,</strong></span> <span class='ocrx_word' id='word_1_280' title='bbox 658 2738 797 2826; x_wconf 91' lang='lat' dir='ltr'><strong>opinor,</strong></span> <span class='ocrx_word' id='word_1_281' title='bbox 824 2737 1020 2826; x_wconf 87' lang='lat' dir='ltr'><strong>intelligere</strong></span> <span class='ocrx_word' id='word_1_282' title='bbox 1040 2743 1198 2831; x_wconf 91' lang='lat' dir='ltr'><strong>potuisti,</strong></span> <span class='ocrx_word' id='word_1_283' title='bbox 1246 2742 1308 2825; x_wconf 91' lang='lat' dir='ltr'><strong>tis,</strong></span> <span class='ocrx_word' id='word_1_284' title='bbox 1334 2741 1446 2809; x_wconf 93' lang='lat' dir='ltr'><strong>donec</strong></span> <span class='ocrx_word' id='word_1_285' title='bbox 1470 2741 1515 2808; x_wconf 94' lang='lat' dir='ltr'><strong>ab</strong></span> <span class='ocrx_word' id='word_1_286' title='bbox 1540 2738 1603 2807; x_wconf 95' lang='lat' dir='ltr'><strong>illo</strong></span> <span class='ocrx_word' id='word_1_287' title='bbox 1624 2735 1850 2807; x_wconf 87' lang='lat' dir='ltr'><strong>revocemini.</strong></span> <span class='ocrx_word' id='word_1_288' title='bbox 1902 2734 1961 2805; x_wconf 90' lang='lat' dir='ltr'><strong>Tu</strong></span> <span class='ocrx_word' id='word_1_289' title='bbox 1986 2763 2088 2820; x_wconf 89' lang='lat' dir='ltr'><strong>vero,</strong></span> <span class='ocrx_word' id='word_1_290' title='bbox 2114 2739 2143 2807; x_wconf 90' lang='lat' dir='ltr'><strong>si</strong></span> <span class='ocrx_word' id='word_1_291' title='bbox 2167 2763 2244 2807; x_wconf 88' lang='lat' dir='ltr'><strong>eam</strong></span> 
     </span>
     <span class='ocr_line' id='line_1_25' title="bbox 195 2835 2244 2934; baseline -0.001 -24"><span class='ocrx_word' id='word_1_292' title='bbox 195 2840 282 2934; x_wconf 92' lang='lat' dir='ltr'><strong>quid</strong></span> <span class='ocrx_word' id='word_1_293' title='bbox 300 2839 366 2910; x_wconf 92' lang='lat' dir='ltr'><strong>tibi</strong></span> <span class='ocrx_word' id='word_1_294' title='bbox 386 2853 420 2908; x_wconf 92' lang='lat' dir='ltr'><strong>et</strong></span> <span class='ocrx_word' id='word_1_295' title='bbox 435 2837 693 2928; x_wconf 84' lang='lat' dir='ltr'><strong>professoribus</strong></span> <span class='ocrx_word' id='word_1_296' title='bbox 710 2839 907 2906; x_wconf 87' lang='lat' dir='ltr'><strong>academiae</strong></span> <span class='ocrx_word' id='word_1_297' title='bbox 925 2838 1197 2930; x_wconf 81' lang='lat' dir='ltr'><strong>Vitebergensis‚</strong></span> <span class='ocrx_word' id='word_1_298' title='bbox 1245 2840 1406 2932; x_wconf 90' lang='lat' dir='ltr'><strong>operam,</strong></span> <span class='ocrx_word' id='word_1_299' title='bbox 1433 2865 1539 2933; x_wconf 91' lang='lat' dir='ltr'><strong>quam</strong></span> <span class='ocrx_word' id='word_1_300' title='bbox 1561 2839 1733 2907; x_wconf 85' lang='lat' dir='ltr'><strong>extraneis</strong></span> <span class='ocrx_word' id='word_1_301' title='bbox 1754 2836 1976 2926; x_wconf 86' lang='lat' dir='ltr'><strong>impendisti,</strong></span> <span class='ocrx_word' id='word_1_302' title='bbox 2007 2835 2152 2930; x_wconf 90' lang='lat' dir='ltr'><strong>posthac</strong></span> <span class='ocrx_word' id='word_1_303' title='bbox 2174 2841 2244 2909; x_wconf 84' lang='lat' dir='ltr'><strong>tuis</strong></span> 
     </span>
     <span class='ocr_line' id='line_1_26' title="bbox 194 2935 2244 3036; baseline -0.002 -24"><span class='ocrx_word' id='word_1_304' title='bbox 194 2943 258 3036; x_wconf 90' lang='lat' dir='ltr'><strong>qui</strong></span> <span class='ocrx_word' id='word_1_305' title='bbox 279 2943 346 3011; x_wconf 89' lang='lat' dir='ltr'><strong>sub</strong></span> <span class='ocrx_word' id='word_1_306' title='bbox 368 2936 475 3009; x_wconf 90' lang='lat' dir='ltr'><strong>huius</strong></span> <span class='ocrx_word' id='word_1_307' title='bbox 497 2939 585 3008; x_wconf 90' lang='lat' dir='ltr'><strong>belli</strong></span> <span class='ocrx_word' id='word_1_308' title='bbox 607 2939 751 3007; x_wconf 89' lang='lat' dir='ltr'><strong>initium</strong></span> <span class='ocrx_word' id='word_1_309' title='bbox 773 2939 859 3007; x_wconf 91' lang='lat' dir='ltr'><strong>iussi</strong></span> <span class='ocrx_word' id='word_1_310' title='bbox 879 2942 1011 3030; x_wconf 94' lang='lat' dir='ltr'><strong>oppido</strong></span> <span class='ocrx_word' id='word_1_311' title='bbox 1032 2944 1196 3011; x_wconf 80' lang='lat' dir='ltr'><strong>excessis-</strong></span> <span class='ocrx_word' id='word_1_312' title='bbox 1245 2943 1381 3012; x_wconf 90' lang='lat' dir='ltr'><strong>civibus</strong></span> <span class='ocrx_word' id='word_1_313' title='bbox 1396 2935 1434 3032; x_wconf 76' lang='lat'><strong>¹⁵)</strong></span> <span class='ocrx_word' id='word_1_314' title='bbox 1451 2940 1624 3030; x_wconf 89' lang='lat' dir='ltr'><strong>impertiri</strong></span> <span class='ocrx_word' id='word_1_315' title='bbox 1642 2962 1715 3007; x_wconf 91' lang='lat' dir='ltr'><strong>non</strong></span> <span class='ocrx_word' id='word_1_316' title='bbox 1732 2937 1975 3025; x_wconf 80' lang='lat' dir='ltr'><strong>dedignaberis</strong></span> <span class='ocrx_word' id='word_1_317' title='bbox 1991 2964 2116 3032; x_wconf 90' lang='lat' dir='ltr'><strong>meque</strong></span> <span class='ocrx_word' id='word_1_318' title='bbox 2131 2940 2244 3009; x_wconf 87' lang='lat' dir='ltr'><strong>inter-</strong></span> 
     </span>
     <span class='ocr_line' id='line_1_27' title="bbox 195 3037 2243 3130; baseline -0.002 -16"><span class='ocrx_word' id='word_1_319' title='bbox 195 3058 292 3127; x_wconf 86' lang='lat' dir='ltr'><strong>sent,</strong></span> <span class='ocrx_word' id='word_1_320' title='bbox 315 3043 518 3112; x_wconf 89' lang='lat' dir='ltr'><strong>faciendum</strong></span> <span class='ocrx_word' id='word_1_321' title='bbox 541 3063 614 3108; x_wconf 91' lang='lat' dir='ltr'><strong>esse</strong></span> <span class='ocrx_word' id='word_1_322' title='bbox 630 3040 834 3111; x_wconf 90' lang='lat' dir='ltr'><strong>iudicarem.</strong></span> <span class='ocrx_word' id='word_1_323' title='bbox 886 3040 952 3122; x_wconf 90' lang='lat' dir='ltr'><strong>At,</strong></span> <span class='ocrx_word' id='word_1_324' title='bbox 980 3057 1019 3112; x_wconf 94' lang='lat' dir='ltr'><strong>ut</strong></span> <span class='ocrx_word' id='word_1_325' title='bbox 1034 3045 1194 3114; x_wconf 89' lang='lat' dir='ltr'><strong>omnium</strong></span> <span class='ocrx_word' id='word_1_326' title='bbox 1246 3045 1412 3113; x_wconf 91' lang='lat' dir='ltr'><strong>nuntium</strong></span> <span class='ocrx_word' id='word_1_327' title='bbox 1429 3065 1501 3111; x_wconf 90' lang='lat' dir='ltr'><strong>esse</strong></span> <span class='ocrx_word' id='word_1_328' title='bbox 1518 3041 1617 3124; x_wconf 89' lang='lat' dir='ltr'><strong>velis,</strong></span> <span class='ocrx_word' id='word_1_329' title='bbox 1641 3040 1714 3122; x_wconf 85' lang='lat' dir='ltr'><strong>fac,</strong></span> <span class='ocrx_word' id='word_1_330' title='bbox 1737 3060 1878 3130; x_wconf 88' lang='lat' dir='ltr'><strong>quaeso,</strong></span> <span class='ocrx_word' id='word_1_331' title='bbox 1901 3062 1958 3105; x_wconf 91' lang='lat' dir='ltr'><strong>me</strong></span> <span class='ocrx_word' id='word_1_332' title='bbox 1973 3041 2017 3107; x_wconf 93' lang='lat' dir='ltr'><strong>de</strong></span> <span class='ocrx_word' id='word_1_333' title='bbox 2036 3037 2099 3109; x_wconf 88' lang='lat' dir='ltr'><strong>hac</strong></span> <span class='ocrx_word' id='word_1_334' title='bbox 2115 3066 2153 3109; x_wconf 91' lang='lat' dir='ltr'><strong>re</strong></span> <span class='ocrx_word' id='word_1_335' title='bbox 2166 3066 2243 3110; x_wconf 82' lang='lat' dir='ltr'><strong>cer·</strong></span> 
     </span>
     <span class='ocr_line' id='line_1_28' title="bbox 195 3139 2242 3236; baseline -0.002 -23"><span class='ocrx_word' id='word_1_336' title='bbox 195 3169 316 3214; x_wconf 88' lang='lat' dir='ltr'><strong>rerum</strong></span> <span class='ocrx_word' id='word_1_337' title='bbox 343 3143 549 3212; x_wconf 87' lang='lat' dir='ltr'><strong>vicissitudo</strong></span> <span class='ocrx_word' id='word_1_338' title='bbox 578 3154 648 3222; x_wconf 88' lang='lat' dir='ltr'><strong>est,</strong></span> <span class='ocrx_word' id='word_1_339' title='bbox 686 3141 735 3210; x_wconf 89' lang='lat' dir='ltr'><strong>ita</strong></span> <span class='ocrx_word' id='word_1_340' title='bbox 765 3154 877 3210; x_wconf 87' lang='lat' dir='ltr'><strong>status</strong></span> <span class='ocrx_word' id='word_1_341' title='bbox 907 3143 1003 3213; x_wconf 91' lang='lat' dir='ltr'><strong>illius</strong></span> <span class='ocrx_word' id='word_1_342' title='bbox 1028 3146 1196 3236; x_wconf 91' lang='lat' dir='ltr'><strong>temporis</strong></span> <span class='ocrx_word' id='word_1_343' title='bbox 1246 3146 1393 3229; x_wconf 89' lang='lat' dir='ltr'><strong>tiorem,</strong></span> <span class='ocrx_word' id='word_1_344' title='bbox 1427 3156 1463 3211; x_wconf 89' lang='lat' dir='ltr'><strong>et</strong></span> <span class='ocrx_word' id='word_1_345' title='bbox 1486 3141 1591 3234; x_wconf 89' lang='lat' dir='ltr'><strong>quam</strong></span> <span class='ocrx_word' id='word_1_346' title='bbox 1615 3139 1874 3221; x_wconf 88' lang='lat' dir='ltr'><strong>conditionem,</strong></span> <span class='ocrx_word' id='word_1_347' title='bbox 1909 3163 2013 3230; x_wconf 91' lang='lat' dir='ltr'><strong>quem</strong></span> <span class='ocrx_word' id='word_1_348' title='bbox 2037 3142 2153 3210; x_wconf 87' lang='lat' dir='ltr'><strong>locum</strong></span> <span class='ocrx_word' id='word_1_349' title='bbox 2173 3143 2242 3211; x_wconf 89' lang='lat' dir='ltr'><strong>tois</strong></span> 
     </span>
     <span class='ocr_line' id='line_1_29' title="bbox 197 3236 2246 3338; baseline -0.001 -24"><span class='ocrx_word' id='word_1_350' title='bbox 197 3240 364 3314; x_wconf 89' lang='lat' dir='ltr'><strong>nonnihil</strong></span> <span class='ocrx_word' id='word_1_351' title='bbox 385 3245 518 3313; x_wconf 86' lang='lat' dir='ltr'><strong>interea</strong></span> <span class='ocrx_word' id='word_1_352' title='bbox 539 3254 695 3311; x_wconf 87' lang='lat' dir='ltr'><strong>mutatus</strong></span> <span class='ocrx_word' id='word_1_353' title='bbox 716 3257 776 3313; x_wconf 89' lang='lat' dir='ltr'><strong>est.</strong></span> <span class='ocrx_word' id='word_1_354' title='bbox 830 3241 959 3313; x_wconf 90' lang='lat' dir='ltr'><strong>Caesar</strong></span> <span class='ocrx_word' id='word_1_355' title='bbox 983 3247 1078 3314; x_wconf 91' lang='lat' dir='ltr'><strong>enim</strong></span> <span class='ocrx_word' id='word_1_356' title='bbox 1095 3248 1196 3338; x_wconf 90' lang='lat' dir='ltr'><strong>oppi-</strong></span> <span class='ocrx_word' id='word_1_357' title='bbox 1246 3246 1372 3315; x_wconf 91' lang='lat' dir='ltr'><strong>studiis</strong></span> <span class='ocrx_word' id='word_1_358' title='bbox 1400 3257 1501 3335; x_wconf 89' lang='lat' dir='ltr'><strong>putes</strong></span> <span class='ocrx_word' id='word_1_359' title='bbox 1528 3242 1711 3331; x_wconf 90' lang='lat' dir='ltr'><strong>aptiorem.</strong></span> <span class='ocrx_word' id='word_1_360' title='bbox 1769 3236 1870 3308; x_wconf 93' lang='lat' dir='ltr'><strong>Dabo</strong></span> <span class='ocrx_word' id='word_1_361' title='bbox 1891 3241 1987 3307; x_wconf 94' lang='lat' dir='ltr'><strong>enim</strong></span> <span class='ocrx_word' id='word_1_362' title='bbox 2011 3266 2170 3331; x_wconf 90' lang='lat' dir='ltr'><strong>operam,</strong></span> <span class='ocrx_word' id='word_1_363' title='bbox 2203 3257 2246 3311; x_wconf 90' lang='lat' dir='ltr'><strong>ut</strong></span> 
     </span>
     <span class='ocr_line' id='line_1_30' title="bbox 194 3338 2243 3418; baseline -0.004 -1"><span class='ocrx_word' id='word_1_364' title='bbox 194 3347 281 3417; x_wconf 91' lang='lat' dir='ltr'><strong>dum</strong></span> <span class='ocrx_word' id='word_1_365' title='bbox 306 3347 397 3414; x_wconf 93' lang='lat' dir='ltr'><strong>illud</strong></span> <span class='ocrx_word' id='word_1_366' title='bbox 418 3344 510 3416; x_wconf 91' lang='lat' dir='ltr'><strong>Duci</strong></span> <span class='ocrx_word' id='word_1_367' title='bbox 533 3338 728 3412; x_wconf 80' lang='lat' dir='ltr'><strong>Maaritr&#39;o</strong></span> <span class='ocrx_word' id='word_1_368' title='bbox 749 3342 905 3414; x_wconf 86' lang='lat' dir='ltr'><strong>Electori</strong></span> <span class='ocrx_word' id='word_1_369' title='bbox 931 3347 1076 3417; x_wconf 88' lang='lat' dir='ltr'><strong>interim</strong></span> <span class='ocrx_word' id='word_1_370' title='bbox 1099 3373 1196 3418; x_wconf 86' lang='lat' dir='ltr'><strong>com·</strong></span> <span class='ocrx_word' id='word_1_371' title='bbox 1245 3347 1402 3416; x_wconf 88' lang='lat' dir='ltr'><strong>studium</strong></span> <span class='ocrx_word' id='word_1_372' title='bbox 1431 3355 1465 3413; x_wconf 85' lang='lat' dir='ltr'><strong>et</strong></span> <span class='ocrx_word' id='word_1_373' title='bbox 1488 3344 1706 3412; x_wconf 91' lang='lat' dir='ltr'><strong>voluntatem</strong></span> <span class='ocrx_word' id='word_1_374' title='bbox 1730 3341 1852 3409; x_wconf 91' lang='lat' dir='ltr'><strong>intuo</strong></span> <span class='ocrx_word' id='word_1_375' title='bbox 1877 3344 2063 3410; x_wconf 90' lang='lat' dir='ltr'><strong>commodo</strong></span> <span class='ocrx_word' id='word_1_376' title='bbox 2087 3346 2243 3410; x_wconf 89' lang='lat' dir='ltr'><strong>iuvando</strong></span> 
     </span>
     <span class='ocr_line' id='line_1_31' title="bbox 194 3443 2242 3544; baseline -0.001 -27"><span class='ocrx_word' id='word_1_377' title='bbox 194 3449 395 3526; x_wconf 68' lang='lat' dir='ltr'><strong>mendant,</strong></span> <span class='ocrx_word' id='word_1_378' title='bbox 426 3459 487 3514; x_wconf 91' lang='lat' dir='ltr'><strong>aut</strong></span> <span class='ocrx_word' id='word_1_379' title='bbox 502 3447 532 3512; x_wconf 92' lang='lat' dir='ltr'><strong>si</strong></span> <span class='ocrx_word' id='word_1_380' title='bbox 549 3446 651 3513; x_wconf 87' lang='lat' dir='ltr'><strong>malis</strong></span> <span class='ocrx_word' id='word_1_381' title='bbox 666 3469 737 3514; x_wconf 89' lang='lat' dir='ltr'><strong>una</strong></span> <span class='ocrx_word' id='word_1_382' title='bbox 753 3471 833 3514; x_wconf 90' lang='lat' dir='ltr'><strong>cum</strong></span> <span class='ocrx_word' id='word_1_383' title='bbox 847 3447 952 3516; x_wconf 92' lang='lat' dir='ltr'><strong>titulo</strong></span> <span class='ocrx_word' id='word_1_384' title='bbox 967 3446 1141 3519; x_wconf 88' lang='lat' dir='ltr'><strong>Electoris</strong></span> <span class='ocrx_word' id='word_1_385' title='bbox 1157 3451 1196 3517; x_wconf 92' lang='lat' dir='ltr'><strong>in</strong></span> <span class='ocrx_word' id='word_1_386' title='bbox 1245 3444 1334 3517; x_wconf 93' lang='lat' dir='ltr'><strong>mihi</strong></span> <span class='ocrx_word' id='word_1_387' title='bbox 1363 3447 1569 3544; x_wconf 89' lang='lat' dir='ltr'><strong>neutiquam</strong></span> <span class='ocrx_word' id='word_1_388' title='bbox 1602 3444 1752 3512; x_wconf 78' lang='lat' dir='ltr'><strong>defuisse</strong></span> <span class='ocrx_word' id='word_1_389' title='bbox 1787 3464 1984 3530; x_wconf 79' lang='lat' dir='ltr'><strong>cognoscas.</strong></span> <span class='ocrx_word' id='word_1_390' title='bbox 2042 3443 2139 3511; x_wconf 84' lang='lat' dir='ltr'><strong>Bene</strong></span> <span class='ocrx_word' id='word_1_391' title='bbox 2167 3445 2242 3514; x_wconf 84' lang='lat' dir='ltr'><strong>vale</strong></span> 
     </span>
     <span class='ocr_line' id='line_1_32' title="bbox 193 3540 2192 3643; baseline -0.004 -24"><span class='ocrx_word' id='word_1_392' title='bbox 193 3561 404 3643; x_wconf 87' lang='lat' dir='ltr'><strong>potestatem</strong></span> <span class='ocrx_word' id='word_1_393' title='bbox 425 3547 500 3614; x_wconf 89' lang='lat' dir='ltr'><strong>eius</strong></span> <span class='ocrx_word' id='word_1_394' title='bbox 522 3545 679 3616; x_wconf 88' lang='lat' dir='ltr'><strong>tradidit.</strong></span> <span class='ocrx_word' id='word_1_395' title='bbox 731 3543 773 3613; x_wconf 94' lang='lat' dir='ltr'><strong>ld</strong></span> <span class='ocrx_word' id='word_1_396' title='bbox 795 3548 887 3637; x_wconf 88' lang='lat' dir='ltr'><strong>quod</strong></span> <span class='ocrx_word' id='word_1_397' title='bbox 906 3550 1198 3638; x_wconf 82' lang='lat' dir='ltr'><strong>multiputarunt</strong></span> <span class='ocrx_word' id='word_1_398' title='bbox 1246 3549 1445 3618; x_wconf 88' lang='lat' dir='ltr'><strong>doctissime</strong></span> <span class='ocrx_word' id='word_1_399' title='bbox 1460 3543 1643 3636; x_wconf 87' lang='lat' dir='ltr'><strong>Philippe,</strong></span> <span class='ocrx_word' id='word_1_400' title='bbox 1669 3558 1704 3615; x_wconf 91' lang='lat' dir='ltr'><strong>et</strong></span> <span class='ocrx_word' id='word_1_401' title='bbox 1718 3540 1971 3631; x_wconf 84' lang='lat' dir='ltr'><strong>Oberburgum</strong></span> <span class='ocrx_word' id='word_1_402' title='bbox 1986 3554 2086 3612; x_wconf 85' lang='lat' dir='ltr'><strong>tuum</strong></span> <span class='ocrx_word' id='word_1_403' title='bbox 2105 3569 2192 3613; x_wconf 86' lang='lat' dir='ltr'><strong>ama.</strong></span> 
     </span>
     <span class='ocr_line' id='line_1_33' title="bbox 193 3645 1196 3738; baseline -0.001 -16"><span class='ocrx_word' id='word_1_404' title='bbox 193 3675 271 3721; x_wconf 92' lang='lat' dir='ltr'><strong>non</strong></span> <span class='ocrx_word' id='word_1_405' title='bbox 294 3651 453 3718; x_wconf 88' lang='lat' dir='ltr'><strong>futurum</strong></span> <span class='ocrx_word' id='word_1_406' title='bbox 476 3667 568 3724; x_wconf 87' lang='lat' dir='ltr'><strong>esse,</strong></span> <span class='ocrx_word' id='word_1_407' title='bbox 599 3645 670 3712; x_wconf 91' lang='lat' dir='ltr'><strong>nisi</strong></span> <span class='ocrx_word' id='word_1_408' title='bbox 689 3645 809 3737; x_wconf 86' lang='lat' dir='ltr'><strong>aliquo</strong></span> <span class='ocrx_word' id='word_1_409' title='bbox 824 3650 1020 3738; x_wconf 89' lang='lat' dir='ltr'><strong>temporisi</strong></span> <span class='ocrx_word' id='word_1_410' title='bbox 1049 3651 1196 3721; x_wconf 91' lang='lat' dir='ltr'><strong>tervallo</strong></span> 
     </span>
     <span class='ocr_line' id='line_1_34' title="bbox 194 3745 1197 3837; baseline -0.001 -14"><span class='ocrx_word' id='word_1_411' title='bbox 194 3753 399 3834; x_wconf 89' lang='lat' dir='ltr'><strong>interiecto,</strong></span> <span class='ocrx_word' id='word_1_412' title='bbox 425 3749 531 3818; x_wconf 89' lang='lat' dir='ltr'><strong>rebus</strong></span> <span class='ocrx_word' id='word_1_413' title='bbox 552 3745 735 3817; x_wconf 87' lang='lat' dir='ltr'><strong>Saxonicis</strong></span> <span class='ocrx_word' id='word_1_414' title='bbox 754 3747 861 3837; x_wconf 93' lang='lat' dir='ltr'><strong>paulo</strong></span> <span class='ocrx_word' id='word_1_415' title='bbox 882 3749 988 3820; x_wconf 92' lang='lat' dir='ltr'><strong>altius</strong></span> <span class='ocrx_word' id='word_1_416' title='bbox 1010 3753 1197 3822; x_wconf 89' lang='lat' dir='ltr'><strong>confirma-</strong></span> 
     </span>
     <span class='ocr_line' id='line_1_35' title="bbox 194 3849 2244 3947; baseline -0.001 -21"><span class='ocrx_word' id='word_1_417' title='bbox 194 3856 252 3928; x_wconf 90' lang='lat' dir='ltr'><strong>tis.</strong></span> <span class='ocrx_word' id='word_1_418' title='bbox 284 3850 538 3922; x_wconf 81' lang='lat' dir='ltr'><strong>Existimabam</strong></span> <span class='ocrx_word' id='word_1_419' title='bbox 556 3849 653 3919; x_wconf 92' lang='lat' dir='ltr'><strong>enim</strong></span> <span class='ocrx_word' id='word_1_420' title='bbox 668 3850 799 3919; x_wconf 90' lang='lat' dir='ltr'><strong>nedum</strong></span> <span class='ocrx_word' id='word_1_421' title='bbox 818 3852 925 3922; x_wconf 91' lang='lat' dir='ltr'><strong>rebus</strong></span> <span class='ocrx_word' id='word_1_422' title='bbox 941 3850 1110 3940; x_wconf 91' lang='lat' dir='ltr'><strong>Caesaris,</strong></span> <span class='ocrx_word' id='word_1_423' title='bbox 1136 3855 1197 3924; x_wconf 89' lang='lat' dir='ltr'><strong>sed</strong></span> <span class='ocrx_word' id='word_1_424' title='bbox 1245 3873 1312 3946; x_wconf 54' lang='grc' dir='ltr'><strong>ΝΟ,</strong></span> <span class='ocrx_word' id='word_1_425' title='bbox 1328 3872 1440 3947; x_wconf 75' lang='lat'><strong>3903,</strong></span> <span class='ocrx_word' id='word_1_426' title='bbox 1662 3884 1665 3891; x_wconf 95' lang='lat'>·</span> <span class='ocrx_word' id='word_1_427' title='bbox 2125 3874 2244 3947; x_wconf 61' lang='lat' dir='ltr'><strong>alan.</strong></span> 
     </span>
     <span class='ocr_line' id='line_1_36' title="bbox 196 3946 2245 4049; baseline -0.002 -22"><span class='ocrx_word' id='word_1_428' title='bbox 196 3957 308 4049; x_wconf 89' lang='lat' dir='ltr'><strong>ipsius</strong></span> <span class='ocrx_word' id='word_1_429' title='bbox 325 3955 430 4023; x_wconf 91' lang='lat' dir='ltr'><strong>etiam</strong></span> <span class='ocrx_word' id='word_1_430' title='bbox 444 3950 554 4021; x_wconf 89' lang='lat' dir='ltr'><strong>Ducis</strong></span> <span class='ocrx_word' id='word_1_431' title='bbox 569 3946 755 4020; x_wconf 82' lang='lat' dir='ltr'><strong>Mauritii</strong></span> <span class='ocrx_word' id='word_1_432' title='bbox 768 3954 941 4044; x_wconf 86' lang='lat' dir='ltr'><strong>expedire,</strong></span> <span class='ocrx_word' id='word_1_433' title='bbox 965 3970 1007 4025; x_wconf 92' lang='lat' dir='ltr'><strong>ut</strong></span> <span class='ocrx_word' id='word_1_434' title='bbox 1023 3981 1061 4027; x_wconf 91' lang='lat' dir='ltr'><strong>ea</strong></span> <span class='ocrx_word' id='word_1_435' title='bbox 1076 3957 1196 4027; x_wconf 87' lang='lat' dir='ltr'><strong>muni·</strong></span> <span class='ocrx_word' id='word_1_436' title='bbox 1253 3956 1424 4003; x_wconf 49' lang='grc' dir='ltr'>Μ</span> <span class='ocrx_word' id='word_1_437' title='bbox 2115 3960 2245 4047; x_wconf 49' lang='lat'><strong>&#39;2³⁶‘</strong></span> 
     </span>
     <span class='ocr_line' id='line_1_37' title="bbox 196 4029 1895 4149; baseline -0.001 -21"><span class='ocrx_word' id='word_1_438' title='bbox 196 4054 492 4149; x_wconf 81' lang='lat' dir='ltr'><strong>tin‘aliquamdiu</strong></span> <span class='ocrx_word' id='word_1_439' title='bbox 511 4066 601 4124; x_wconf 85' lang='lat' dir='ltr'><strong>esset</strong></span> <span class='ocrx_word' id='word_1_440' title='bbox 623 4053 661 4121; x_wconf 89' lang='lat' dir='ltr'><strong>in</strong></span> <span class='ocrx_word' id='word_1_441' title='bbox 684 4051 843 4124; x_wconf 89' lang='lat' dir='ltr'><strong>Caesaris</strong></span> <span class='ocrx_word' id='word_1_442' title='bbox 864 4070 1044 4147; x_wconf 88' lang='lat' dir='ltr'><strong>potestate.</strong></span> <span class='ocrx_word' id='word_1_443' title='bbox 1094 4058 1197 4129; x_wconf 86' lang='lat' dir='ltr'><strong>Post·</strong></span> <span class='ocrx_word' id='word_1_444' title='bbox 1505 4101 1508 4115; x_wconf 87' lang='lat'><strong>·</strong></span> <span class='ocrx_word' id='word_1_445' title='bbox 1561 4072 1564 4079; x_wconf 86' lang='lat'>&#39;</span> <span class='ocrx_word' id='word_1_446' title='bbox 1599 4033 1663 4117; x_wconf 78' lang='grc' dir='ltr'><strong>Ῑθ·</strong></span> <span class='ocrx_word' id='word_1_447' title='bbox 1693 4029 1895 4145; x_wconf 78' lang='lat' dir='ltr'><strong>Stigeft&#39;O.</strong></span> 
     </span>
    </p>

    <p class='ocr_par' dir='ltr' id='par_1_11' title="bbox 187 4154 2249 4964">
     <span class='ocr_line' id='line_1_38' title="bbox 198 4154 2176 4269; baseline 0 -40"><span class='ocrx_word' id='word_1_448' title='bbox 198 4184 306 4255; x_wconf 85' lang='lat' dir='ltr'><strong>quam</strong></span> <span class='ocrx_word' id='word_1_449' title='bbox 321 4171 438 4226; x_wconf 87' lang='lat' dir='ltr'><strong>autem</strong></span> <span class='ocrx_word' id='word_1_450' title='bbox 454 4178 531 4224; x_wconf 88' lang='lat' dir='ltr'><strong>sors</strong></span> <span class='ocrx_word' id='word_1_451' title='bbox 548 4155 596 4225; x_wconf 88' lang='lat' dir='ltr'><strong>ita</strong></span> <span class='ocrx_word' id='word_1_452' title='bbox 611 4154 707 4239; x_wconf 88' lang='lat' dir='ltr'><strong>tulit,</strong></span> <span class='ocrx_word' id='word_1_453' title='bbox 721 4156 790 4225; x_wconf 90' lang='lat' dir='ltr'><strong>alia</strong></span> <span class='ocrx_word' id='word_1_454' title='bbox 806 4157 949 4228; x_wconf 90' lang='lat' dir='ltr'><strong>videtur</strong></span> <span class='ocrx_word' id='word_1_455' title='bbox 962 4162 1052 4230; x_wconf 91' lang='lat' dir='ltr'><strong>ratio</strong></span> <span class='ocrx_word' id='word_1_456' title='bbox 1068 4161 1196 4229; x_wconf 91' lang='lat' dir='ltr'><strong>ineun·</strong></span> <span class='ocrx_word' id='word_1_457' title='bbox 1315 4198 1442 4254; x_wconf 64' lang='lat' dir='ltr'><strong>ornain</strong></span> <span class='ocrx_word' id='word_1_458' title='bbox 1456 4213 1517 4268; x_wconf 75' lang='lat' dir='ltr'><strong>epp.</strong></span> <span class='ocrx_word' id='word_1_459' title='bbox 1531 4193 1566 4251; x_wconf 73' lang='lat' dir='ltr'><strong>sd</strong></span> <span class='ocrx_word' id='word_1_460' title='bbox 1579 4194 1672 4268; x_wconf 58' lang='lat' dir='ltr'><strong>3ng</strong></span> <span class='ocrx_word' id='word_1_461' title='bbox 1686 4214 1730 4269; x_wconf 84' lang='lat' dir='ltr'><strong>ep.</strong></span> <span class='ocrx_word' id='word_1_462' title='bbox 1741 4195 1784 4252; x_wconf 52' lang='lat'><strong>25,</strong></span> <span class='ocrx_word' id='word_1_463' title='bbox 1817 4193 1887 4251; x_wconf 83' lang='lat' dir='ltr'><strong>cot.</strong></span> <span class='ocrx_word' id='word_1_464' title='bbox 1902 4192 1986 4249; x_wconf 75' lang='lat' dir='ltr'><strong>aaa</strong></span> <span class='ocrx_word' id='word_1_465' title='bbox 2002 4193 2059 4254; x_wconf 78' lang='lat'><strong>188.</strong></span> <span class='ocrx_word' id='word_1_466' title='bbox 2076 4215 2118 4267; x_wconf 71' lang='lat' dir='ltr'><strong>tr·</strong></span> <span class='ocrx_word' id='word_1_467' title='bbox 2133 4197 2176 4254; x_wconf 78' lang='lat'><strong>85.</strong></span> 
     </span>
     <span class='ocr_line' id='line_1_39' title="bbox 197 4250 1372 4352; baseline 0.001 -24"><span class='ocrx_word' id='word_1_468' title='bbox 197 4265 243 4333; x_wconf 89' lang='lat' dir='ltr'><strong>da</strong></span> <span class='ocrx_word' id='word_1_469' title='bbox 259 4258 527 4352; x_wconf 86' lang='lat' dir='ltr'><strong>professoribus.</strong></span> <span class='ocrx_word' id='word_1_470' title='bbox 573 4250 698 4342; x_wconf 78' lang='lat' dir='ltr'><strong>Audio</strong></span> <span class='ocrx_word' id='word_1_471' title='bbox 715 4257 810 4326; x_wconf 88' lang='lat' dir='ltr'><strong>enim</strong></span> <span class='ocrx_word' id='word_1_472' title='bbox 828 4258 937 4344; x_wconf 90' lang='lat' dir='ltr'><strong>illud,</strong></span> <span class='ocrx_word' id='word_1_473' title='bbox 963 4254 1197 4330; x_wconf 77' lang='lat' dir='ltr'><strong>Mamiliam</strong></span> <span class='ocrx_word' id='word_1_474' title='bbox 1369 4276 1372 4280; x_wconf 81' lang='grc'><strong>’</strong></span> 
     </span>
     <span class='ocr_line' id='line_1_40' title="bbox 187 4344 2244 4451; baseline -0.003 -19"><span class='ocrx_word' id='word_1_475' title='bbox 187 4344 396 4439; x_wconf 48' lang='grc' dir='ltr'><strong>Ἐὶεεῑοιοιῃ</strong></span> <span class='ocrx_word' id='word_1_476' title='bbox 426 4360 471 4426; x_wconf 89' lang='lat' dir='ltr'><strong>de</strong></span> <span class='ocrx_word' id='word_1_477' title='bbox 499 4357 677 4426; x_wconf 90' lang='lat' dir='ltr'><strong>academia</strong></span> <span class='ocrx_word' id='word_1_478' title='bbox 699 4356 945 4447; x_wconf 83' lang='lat' dir='ltr'><strong>Vitebergensi</strong></span> <span class='ocrx_word' id='word_1_479' title='bbox 968 4362 1196 4433; x_wconf 91' lang='lat' dir='ltr'><strong>instauranda</strong></span> <span class='ocrx_word' id='word_1_480' title='bbox 1246 4352 1470 4428; x_wconf 80' lang='lat' dir='ltr'><strong>Clarissimo</strong></span> <span class='ocrx_word' id='word_1_481' title='bbox 1491 4351 1587 4433; x_wconf 79' lang='lat' dir='ltr'><strong>viro,</strong></span> <span class='ocrx_word' id='word_1_482' title='bbox 1614 4348 1815 4423; x_wconf 76' lang='lat' dir='ltr'><strong>eruditione</strong></span> <span class='ocrx_word' id='word_1_483' title='bbox 1831 4363 1863 4423; x_wconf 81' lang='lat' dir='ltr'><strong>et</strong></span> <span class='ocrx_word' id='word_1_484' title='bbox 1883 4353 2011 4423; x_wconf 81' lang='lat' dir='ltr'><strong>virtute</strong></span> <span class='ocrx_word' id='word_1_485' title='bbox 2024 4358 2244 4451; x_wconf 77' lang='lat' dir='ltr'><strong>praestanti,</strong></span> 
     </span>
     <span class='ocr_line' id='line_1_41' title="bbox 196 4449 2245 4554; baseline -0.003 -18"><span class='ocrx_word' id='word_1_486' title='bbox 196 4465 359 4552; x_wconf 84' lang='lat' dir='ltr'><strong>cogitare.</strong></span> <span class='ocrx_word' id='word_1_487' title='bbox 411 4458 551 4547; x_wconf 85' lang='lat' dir='ltr'><strong>Quodsi</strong></span> <span class='ocrx_word' id='word_1_488' title='bbox 571 4482 696 4528; x_wconf 90' lang='lat' dir='ltr'><strong>verum</strong></span> <span class='ocrx_word' id='word_1_489' title='bbox 719 4470 787 4543; x_wconf 88' lang='lat' dir='ltr'><strong>est,</strong></span> <span class='ocrx_word' id='word_1_490' title='bbox 815 4483 904 4551; x_wconf 89' lang='lat' dir='ltr'><strong>quos</strong></span> <span class='ocrx_word' id='word_1_491' title='bbox 920 4461 980 4530; x_wconf 89' lang='lat' dir='ltr'><strong>ille</strong></span> <span class='ocrx_word' id='word_1_492' title='bbox 997 4464 1115 4554; x_wconf 91' lang='lat' dir='ltr'><strong>potius</strong></span> <span class='ocrx_word' id='word_1_493' title='bbox 1133 4465 1197 4532; x_wconf 86' lang='lat' dir='ltr'><strong>ad·</strong></span> <span class='ocrx_word' id='word_1_494' title='bbox 1246 4456 1301 4532; x_wconf 91' lang='lat' dir='ltr'><strong>D.</strong></span> <span class='ocrx_word' id='word_1_495' title='bbox 1327 4453 1355 4524; x_wconf 91' lang='lat' dir='ltr'><em>I</em></span> <span class='ocrx_word' id='word_1_496' title='bbox 1360 4453 1509 4525; x_wconf 83' lang='lat' dir='ltr'><strong>oanni</strong></span> <span class='ocrx_word' id='word_1_497' title='bbox 1531 4451 1754 4547; x_wconf 67' lang='lat' dir='ltr'><strong>sagetia,</strong></span> <span class='ocrx_word' id='word_1_498' title='bbox 1792 4449 1925 4525; x_wconf 82' lang='lat' dir='ltr'><strong>Poetae</strong></span> <span class='ocrx_word' id='word_1_499' title='bbox 1947 4466 1973 4522; x_wconf 83' lang='lat' dir='ltr'><strong>a</strong></span> <span class='ocrx_word' id='word_1_500' title='bbox 1998 4451 2125 4525; x_wconf 81' lang='lat' dir='ltr'><strong>Masis</strong></span> <span class='ocrx_word' id='word_1_501' title='bbox 2149 4456 2245 4554; x_wconf 73' lang='lat' dir='ltr'><strong>ipsis</strong></span> 
     </span>
     <span class='ocr_line' id='line_1_42' title="bbox 196 4549 2248 4656; baseline -0.006 -20"><span class='ocrx_word' id='word_1_502' title='bbox 196 4562 357 4643; x_wconf 89' lang='lat' dir='ltr'><strong>hibuerit</strong></span> <span class='ocrx_word' id='word_1_503' title='bbox 381 4586 485 4652; x_wconf 91' lang='lat' dir='ltr'><strong>quam</strong></span> <span class='ocrx_word' id='word_1_504' title='bbox 507 4583 567 4629; x_wconf 90' lang='lat' dir='ltr'><strong>eos</strong></span> <span class='ocrx_word' id='word_1_505' title='bbox 581 4562 812 4650; x_wconf 84' lang='lat' dir='ltr'><strong>professores,</strong></span> <span class='ocrx_word' id='word_1_506' title='bbox 843 4562 905 4653; x_wconf 93' lang='lat' dir='ltr'><strong>qui</strong></span> <span class='ocrx_word' id='word_1_507' title='bbox 923 4576 1024 4633; x_wconf 90' lang='lat' dir='ltr'><strong>antea</strong></span> <span class='ocrx_word' id='word_1_508' title='bbox 1041 4563 1116 4635; x_wconf 89' lang='lat' dir='ltr'><strong>illic</strong></span> <span class='ocrx_word' id='word_1_509' title='bbox 1131 4565 1197 4634; x_wconf 92' lang='lat' dir='ltr'><strong>do-</strong></span> <span class='ocrx_word' id='word_1_510' title='bbox 1331 4551 1543 4640; x_wconf 83' lang='lat' dir='ltr'><strong>Laaraato,</strong></span> <span class='ocrx_word' id='word_1_511' title='bbox 1569 4554 1688 4625; x_wconf 84' lang='lat' dir='ltr'><strong>amico</strong></span> <span class='ocrx_word' id='word_1_512' title='bbox 1701 4549 2023 4656; x_wconf 31' lang='lat' dir='ltr'><strong>suopaharissimo,</strong></span> <span class='ocrx_word' id='word_1_513' title='bbox 2047 4553 2087 4626; x_wconf 86' lang='lat' dir='ltr'><strong>S.</strong></span> <span class='ocrx_word' id='word_1_514' title='bbox 2102 4554 2157 4633; x_wconf 87' lang='lat' dir='ltr'><strong>D.</strong></span> <span class='ocrx_word' id='word_1_515' title='bbox 2179 4596 2182 4607; x_wconf 93' lang='lat'>·</span> <span class='ocrx_word' id='word_1_516' title='bbox 2246 4618 2248 4623; x_wconf 79' lang='grc'>,</span> 
     </span>
     <span class='ocr_line' id='line_1_43' title="bbox 197 4658 1779 4754; baseline -0.001 -16"><span class='ocrx_word' id='word_1_517' title='bbox 197 4666 326 4745; x_wconf 80' lang='lat' dir='ltr'><strong>caere?</strong></span> <span class='ocrx_word' id='word_1_518' title='bbox 346 4662 552 4754; x_wconf 87' lang='lat' dir='ltr'><strong>praesertim</strong></span> <span class='ocrx_word' id='word_1_519' title='bbox 568 4661 607 4729; x_wconf 96' lang='lat' dir='ltr'><strong>in</strong></span> <span class='ocrx_word' id='word_1_520' title='bbox 622 4674 720 4730; x_wconf 87' lang='lat' dir='ltr'><strong>tanta</strong></span> <span class='ocrx_word' id='word_1_521' title='bbox 736 4661 856 4752; x_wconf 92' lang='lat' dir='ltr'><strong>inopia</strong></span> <span class='ocrx_word' id='word_1_522' title='bbox 871 4658 1063 4744; x_wconf 32' lang='lat' dir='ltr'><strong>hominum,</strong></span> <span class='ocrx_word' id='word_1_523' title='bbox 1073 4668 1197 4739; x_wconf 91' lang='lat' dir='ltr'><strong>docto·</strong></span> <span class='ocrx_word' id='word_1_524' title='bbox 1438 4665 1443 4674; x_wconf 80' lang='lat'>&#39;</span> <span class='ocrx_word' id='word_1_525' title='bbox 1776 4660 1779 4665; x_wconf 44' lang='lat'>¹</span> 
     </span>
     <span class='ocr_line' id='line_1_44' title="bbox 197 4759 1197 4858; baseline 0.002 -21"><span class='ocrx_word' id='word_1_526' title='bbox 197 4792 290 4851; x_wconf 79' lang='lat' dir='ltr'><strong>rum,</strong></span> <span class='ocrx_word' id='word_1_527' title='bbox 316 4766 437 4858; x_wconf 89' lang='lat' dir='ltr'><strong>quales</strong></span> <span class='ocrx_word' id='word_1_528' title='bbox 451 4764 476 4830; x_wconf 94' lang='lat' dir='ltr'><strong>ii</strong></span> <span class='ocrx_word' id='word_1_529' title='bbox 493 4763 706 4853; x_wconf 89' lang='lat' dir='ltr'><strong>professores</strong></span> <span class='ocrx_word' id='word_1_530' title='bbox 719 4786 857 4853; x_wconf 85' lang='lat' dir='ltr'><strong>semper</strong></span> <span class='ocrx_word' id='word_1_531' title='bbox 871 4759 984 4835; x_wconf 88' lang='lat' dir='ltr'><strong>habiti</strong></span> <span class='ocrx_word' id='word_1_532' title='bbox 1000 4781 1093 4838; x_wconf 81' lang='lat' dir='ltr'><strong>sunt.</strong></span> <span class='ocrx_word' id='word_1_533' title='bbox 1124 4768 1197 4839; x_wconf 89' lang='lat' dir='ltr'><strong>lta·</strong></span> 
     </span>
     <span class='ocr_line' id='line_1_45' title="bbox 196 4865 1196 4964; baseline -0.001 -24"><span class='ocrx_word' id='word_1_534' title='bbox 196 4893 267 4964; x_wconf 83' lang='lat' dir='ltr'><strong>que</strong></span> <span class='ocrx_word' id='word_1_535' title='bbox 286 4867 479 4936; x_wconf 88' lang='lat' dir='ltr'><strong>faciliorem</strong></span> <span class='ocrx_word' id='word_1_536' title='bbox 503 4865 575 4932; x_wconf 93' lang='lat' dir='ltr'><strong>illis</strong></span> <span class='ocrx_word' id='word_1_537' title='bbox 597 4888 699 4954; x_wconf 89' lang='lat' dir='ltr'><strong>spero</strong></span> <span class='ocrx_word' id='word_1_538' title='bbox 723 4865 878 4936; x_wconf 88' lang='lat' dir='ltr'><strong>reditum</strong></span> <span class='ocrx_word' id='word_1_539' title='bbox 901 4890 921 4936; x_wconf 90' lang='lat' dir='ltr'><strong>a</strong></span> <span class='ocrx_word' id='word_1_540' title='bbox 941 4865 1040 4937; x_wconf 86' lang='lat' dir='ltr'><strong>Duce</strong></span> <span class='ocrx_word' id='word_1_541' title='bbox 1055 4892 1196 4939; x_wconf 87' lang='lat' dir='ltr'><strong>conces-</strong></span> 
     </span>
    </p>
   </div>
   <div class='ocr_carea' id='block_1_8' title="bbox 329 2064 1102 2178">
    <p class='ocr_par' dir='ltr' id='par_1_12' title="bbox 329 2064 1102 2178">
     <span class='ocr_line' id='line_1_46' title="bbox 329 2064 1102 2178; baseline 0.009 -29"><span class='ocrx_word' id='word_1_542' title='bbox 329 2066 630 2178; x_wconf 81' lang='lat' dir='ltr'><strong>Obernburger</strong></span> <span class='ocrx_word' id='word_1_543' title='bbox 646 2064 709 2149; x_wconf 83' lang='lat' dir='ltr'><strong>ad</strong></span> <span class='ocrx_word' id='word_1_544' title='bbox 725 2067 1066 2168; x_wconf 66' lang='lat' dir='ltr'><strong>Melanthonem.</strong></span> <span class='ocrx_word' id='word_1_545' title='bbox 1098 2105 1102 2112; x_wconf 64' lang='grc'><em>“</em></span> 
     </span>
    </p>
   </div>
   <div class='ocr_carea' id='block_1_9' title="bbox 1252 3751 1482 3768">
    <p class='ocr_par' dir='ltr' id='par_1_13' title="bbox 1252 3751 1482 3768">
     <span class='ocr_line' id='line_1_47' title="bbox 1252 3751 1482 3768; baseline -0.009 -1"><span class='ocrx_word' id='word_1_546' title='bbox 1252 3751 1482 3768; x_wconf 45' lang='grc' dir='ltr'><strong>*ιι-ού·</strong></span> 
     </span>
    </p>
   </div>
   <div class='ocr_carea' id='block_1_10' title="bbox 1199 4680 2251 4901">
    <p class='ocr_par' dir='ltr' id='par_1_14' title="bbox 1199 4680 2251 4901">
     <span class='ocr_line' id='line_1_48' title="bbox 1199 4680 2250 4801; baseline -0.004 -20"><span class='ocrx_word' id='word_1_547' title='bbox 1199 4765 1210 4781; x_wconf 85' lang='grc'><strong><em>,</em></strong></span> <span class='ocrx_word' id='word_1_548' title='bbox 1246 4693 1490 4801; x_wconf 84' lang='lat' dir='ltr'><strong>Posteaquam</strong></span> <span class='ocrx_word' id='word_1_549' title='bbox 1506 4705 1570 4776; x_wconf 87' lang='lat' dir='ltr'><strong>fati</strong></span> <span class='ocrx_word' id='word_1_550' title='bbox 1585 4705 1638 4774; x_wconf 91' lang='lat' dir='ltr'><strong>vis</strong></span> <span class='ocrx_word' id='word_1_551' title='bbox 1653 4680 1880 4799; x_wconf 56' lang='lat' dir='ltr'><strong>nnagafllixit,</strong></span> <span class='ocrx_word' id='word_1_552' title='bbox 1904 4704 2154 4801; x_wconf 21' lang='lat' dir='ltr'><strong>quodlsemper</strong></span> <span class='ocrx_word' id='word_1_553' title='bbox 2171 4688 2250 4777; x_wconf 48' lang='lat' dir='ltr'><strong>me)</strong></span> 
     </span>
     <span class='ocr_line' id='line_1_49' title="bbox 1247 4790 2251 4901; baseline -0.007 -17"><span class='ocrx_word' id='word_1_554' title='bbox 1247 4816 1300 4884; x_wconf 89' lang='lat' dir='ltr'><strong>tui</strong></span> <span class='ocrx_word' id='word_1_555' title='bbox 1323 4811 1444 4880; x_wconf 93' lang='lat' dir='ltr'><strong>multis</strong></span> <span class='ocrx_word' id='word_1_556' title='bbox 1465 4810 1508 4877; x_wconf 89' lang='lat' dir='ltr'><strong>de</strong></span> <span class='ocrx_word' id='word_1_557' title='bbox 1531 4808 1662 4891; x_wconf 84' lang='lat' dir='ltr'><strong>causis,</strong></span> <span class='ocrx_word' id='word_1_558' title='bbox 1696 4802 1872 4901; x_wconf 77' lang='lat' dir='ltr'><strong>shpierrter</strong></span> <span class='ocrx_word' id='word_1_559' title='bbox 1896 4800 1985 4873; x_wconf 88' lang='lat' dir='ltr'><strong>hanc</strong></span> <span class='ocrx_word' id='word_1_560' title='bbox 2009 4790 2251 4879; x_wconf 70' lang='lat' dir='ltr'><strong>c‘aliimitatent&#39;</strong></span> 
     </span>
    </p>
   </div>
   <div class='ocr_carea' id='block_1_11' title="bbox 197 4894 2244 5101">
    <p class='ocr_par' dir='ltr' id='par_1_15' title="bbox 197 4894 2244 5101">
     <span class='ocr_line' id='line_1_50' title="bbox 546 4894 2244 4999; baseline -0.003 -14.759"><span class='ocrx_word' id='word_1_561' title='bbox 546 4966 554 4980; x_wconf 85' lang='lat'><strong>·</strong></span> <span class='ocrx_word' id='word_1_562' title='bbox 632 4965 641 4980; x_wconf 87' lang='lat'><strong>·</strong></span> <span class='ocrx_word' id='word_1_563' title='bbox 793 4968 857 4984; x_wconf 88' lang='lat'><strong>..</strong></span> <span class='ocrx_word' id='word_1_564' title='bbox 992 4969 1001 4986; x_wconf 97' lang='lat'><strong>.</strong></span> <span class='ocrx_word' id='word_1_565' title='bbox 1150 4972 1158 4988; x_wconf 95' lang='lat'><strong>.</strong></span> <span class='ocrx_word' id='word_1_566' title='bbox 1245 4920 1419 4994; x_wconf 87' lang='lat' dir='ltr'><strong>feramus,</strong></span> <span class='ocrx_word' id='word_1_567' title='bbox 1446 4923 1477 4979; x_wconf 88' lang='lat' dir='ltr'><strong>et</strong></span> <span class='ocrx_word' id='word_1_568' title='bbox 1498 4896 1612 4988; x_wconf 78' lang='lat' dir='ltr'><strong>aDeo</strong></span> <span class='ocrx_word' id='word_1_569' title='bbox 1629 4920 1787 4999; x_wconf 79' lang='lat' dir='ltr'><strong>petamus</strong></span> <span class='ocrx_word' id='word_1_570' title='bbox 1803 4894 1836 4981; x_wconf 76' lang='lat' dir='ltr'><strong>&#39;ct</strong></span> <span class='ocrx_word' id='word_1_571' title='bbox 1853 4918 2088 4998; x_wconf 69' lang='lat' dir='ltr'><strong>exspectemus</strong></span> <span class='ocrx_word' id='word_1_572' title='bbox 2106 4910 2244 4999; x_wconf 84' lang='lat' dir='ltr'><strong>mitiga-</strong></span> 
     </span>
     <span class='ocr_line' id='line_1_51' title="bbox 197 4967 2144 5101; baseline 0.009 -63"><span class='ocrx_word' id='word_1_573' title='bbox 197 4994 277 5043; x_wconf 83' lang='lat' dir='ltr'><strong>snm</strong></span> <span class='ocrx_word' id='word_1_574' title='bbox 297 4992 363 5052; x_wconf 82' lang='lat' dir='ltr'><strong>rrr,</strong></span> <span class='ocrx_word' id='word_1_575' title='bbox 387 4979 593 5056; x_wconf 81' lang='lat' dir='ltr'><strong>praesertim</strong></span> <span class='ocrx_word' id='word_1_576' title='bbox 613 4989 644 5032; x_wconf 89' lang='lat' dir='ltr'><strong>sr</strong></span> <span class='ocrx_word' id='word_1_577' title='bbox 659 4967 715 5034; x_wconf 91' lang='lat' dir='ltr'><strong>vel</strong></span> <span class='ocrx_word' id='word_1_578' title='bbox 730 4967 774 5034; x_wconf 90' lang='lat' dir='ltr'><strong>ab</strong></span> <span class='ocrx_word' id='word_1_579' title='bbox 791 4989 894 5057; x_wconf 83' lang='lat' dir='ltr'><strong>rpsrs,</strong></span> <span class='ocrx_word' id='word_1_580' title='bbox 915 4969 973 5037; x_wconf 89' lang='lat' dir='ltr'><strong>vel</strong></span> <span class='ocrx_word' id='word_1_581' title='bbox 990 4983 1196 5061; x_wconf 77' lang='lat' dir='ltr'><strong>interposita</strong></span> <span class='ocrx_word' id='word_1_582' title='bbox 1247 5018 1378 5090; x_wconf 51' lang='lat' dir='ltr'>[ionem</span> <span class='ocrx_word' id='word_1_583' title='bbox 1397 4994 1617 5101; x_wconf 55' lang='lat' dir='ltr'><strong>publicaffim</strong></span> <span class='ocrx_word' id='word_1_584' title='bbox 1635 4992 1897 5098; x_wconf 57' lang='lat' dir='ltr'><strong>esprjvafflmn,</strong></span> <span class='ocrx_word' id='word_1_585' title='bbox 1912 5008 2144 5087; x_wconf 40' lang='lat' dir='ltr'><strong>misermm·</strong></span> 
     </span>
    </p>
   </div>
   <div class='ocr_carea' id='block_1_12' title="bbox 196 5068 2258 5470">
    <p class='ocr_par' dir='ltr' id='par_1_16' title="bbox 196 5068 2258 5470">
     <span class='ocr_line' id='line_1_52' title="bbox 197 5068 2255 5201; baseline -0 -18"><span class='ocrx_word' id='word_1_586' title='bbox 197 5090 304 5164; x_wconf 54' lang='grc' dir='ltr'><strong>(ΨΜ</strong></span> <span class='ocrx_word' id='word_1_587' title='bbox 331 5069 544 5184; x_wconf 41' lang='lat' dir='ltr'><strong>‘&#39;mimmii‘’</strong></span> <span class='ocrx_word' id='word_1_588' title='bbox 577 5090 615 5134; x_wconf 56' lang='lat' dir='ltr'><strong>ea</strong></span> <span class='ocrx_word' id='word_1_589' title='bbox 644 5069 686 5135; x_wconf 66' lang='lat' dir='ltr'><strong>de</strong></span> <span class='ocrx_word' id='word_1_590' title='bbox 710 5091 751 5184; x_wconf 59' lang='lat' dir='ltr'><strong>re.</strong></span> <span class='ocrx_word' id='word_1_591' title='bbox 773 5068 1024 5188; x_wconf 50' lang='lat' dir='ltr'><strong>interpessllul&#39;</strong></span> <span class='ocrx_word' id='word_1_592' title='bbox 1075 5071 1199 5166; x_wconf 55' lang='lat' dir='ltr'>Neque</span> <span class='ocrx_word' id='word_1_593' title='bbox 1331 5127 1444 5191; x_wconf 85' lang='lat' dir='ltr'><strong>Multa</strong></span> <span class='ocrx_word' id='word_1_594' title='bbox 1466 5125 1536 5185; x_wconf 81' lang='lat' dir='ltr'><strong>dies</strong></span> <span class='ocrx_word' id='word_1_595' title='bbox 1557 5106 1851 5201; x_wconf 56' lang='lat' dir='ltr'><strong>variasqumat&#39;ar</strong></span> <span class='ocrx_word' id='word_1_596' title='bbox 1873 5115 2044 5182; x_wconf 76' lang='lat' dir='ltr'><strong>aratabilr‘s</strong></span> <span class='ocrx_word' id='word_1_597' title='bbox 2067 5126 2147 5184; x_wconf 70' lang='lat' dir='ltr'><strong>aare·</strong></span> <span class='ocrx_word' id='word_1_598' title='bbox 2176 5176 2181 5193; x_wconf 92' lang='grc'>,</span> <span class='ocrx_word' id='word_1_599' title='bbox 2251 5114 2255 5131; x_wconf 70' lang='lat'><em>⁵</em></span> 
     </span>
     <span class='ocr_line' id='line_1_53' title="bbox 197 5165 2257 5283; baseline 0.001 -41"><span class='ocrx_word' id='word_1_600' title='bbox 197 5195 288 5264; x_wconf 89' lang='lat' dir='ltr'><strong>opus</strong></span> <span class='ocrx_word' id='word_1_601' title='bbox 312 5165 378 5240; x_wconf 69' lang='lat' dir='ltr'><strong>eni</strong></span> <span class='ocrx_word' id='word_1_602' title='bbox 403 5170 573 5283; x_wconf 65' lang='lat' dir='ltr'><strong>amplius,</strong></span> <span class='ocrx_word' id='word_1_603' title='bbox 600 5191 675 5247; x_wconf 86' lang='lat' dir='ltr'><strong>mea</strong></span> <span class='ocrx_word' id='word_1_604' title='bbox 693 5170 836 5260; x_wconf 80' lang='lat' dir='ltr'><strong>quidem</strong></span> <span class='ocrx_word' id='word_1_605' title='bbox 852 5186 1045 5258; x_wconf 73' lang='lat' dir='ltr'><strong>sententia,</strong></span> <span class='ocrx_word' id='word_1_606' title='bbox 1070 5171 1199 5245; x_wconf 86' lang='lat' dir='ltr'><strong>Caesa·</strong></span> <span class='ocrx_word' id='word_1_607' title='bbox 1331 5211 1480 5276; x_wconf 78' lang='lat' dir='ltr'><strong>Rettulit</strong></span> <span class='ocrx_word' id='word_1_608' title='bbox 1502 5214 1539 5267; x_wconf 76' lang='lat' dir='ltr'><strong>in</strong></span> <span class='ocrx_word' id='word_1_609' title='bbox 1562 5210 1693 5282; x_wconf 50' lang='lat' dir='ltr'><strong>mm,</strong></span> <span class='ocrx_word' id='word_1_610' title='bbox 1717 5205 1820 5283; x_wconf 62' lang='lat' dir='ltr'><strong>qnquq</strong></span> <span class='ocrx_word' id='word_1_611' title='bbox 1842 5204 1905 5266; x_wconf 61' lang='lat' dir='ltr'><strong>m„</strong></span> <span class='ocrx_word' id='word_1_612' title='bbox 2143 5199 2153 5223; x_wconf 65' lang='lat'><strong>‘-</strong></span> <span class='ocrx_word' id='word_1_613' title='bbox 2247 5198 2257 5219; x_wconf 82' lang='lat'><strong>··</strong></span> 
     </span>
     <span class='ocr_line' id='line_1_54' title="bbox 197 5269 2258 5371; baseline -0.003 -27"><span class='ocrx_word' id='word_1_614' title='bbox 197 5299 275 5345; x_wconf 88' lang='lat' dir='ltr'><strong>rem</strong></span> <span class='ocrx_word' id='word_1_615' title='bbox 298 5269 363 5354; x_wconf 86' lang='lat' dir='ltr'><strong>hac</strong></span> <span class='ocrx_word' id='word_1_616' title='bbox 387 5272 430 5338; x_wconf 92' lang='lat' dir='ltr'><strong>de</strong></span> <span class='ocrx_word' id='word_1_617' title='bbox 451 5294 490 5338; x_wconf 93' lang='lat' dir='ltr'><strong>re</strong></span> <span class='ocrx_word' id='word_1_618' title='bbox 511 5271 608 5337; x_wconf 86' lang='lat' dir='ltr'><strong>adrre</strong></span> <span class='ocrx_word' id='word_1_619' title='bbox 633 5283 818 5364; x_wconf 89' lang='lat' dir='ltr'><strong>postquam</strong></span> <span class='ocrx_word' id='word_1_620' title='bbox 844 5271 940 5342; x_wconf 90' lang='lat' dir='ltr'><strong>illins</strong></span> <span class='ocrx_word' id='word_1_621' title='bbox 960 5275 1120 5345; x_wconf 89' lang='lat' dir='ltr'><strong>maiestas</strong></span> <span class='ocrx_word' id='word_1_622' title='bbox 1142 5277 1197 5346; x_wconf 92' lang='lat' dir='ltr'><strong>ius</strong></span> <span class='ocrx_word' id='word_1_623' title='bbox 1330 5300 1414 5363; x_wconf 61' lang='lat' dir='ltr'><strong>Era</strong></span> <span class='ocrx_word' id='word_1_624' title='bbox 1431 5277 1603 5356; x_wconf 60' lang='lat' dir='ltr'><strong>eatam</strong></span> <span class='ocrx_word' id='word_1_625' title='bbox 1616 5278 1923 5354; x_wconf 54' lang='lat' dir='ltr'><strong>mum-commea</strong></span> <span class='ocrx_word' id='word_1_626' title='bbox 1939 5291 2115 5369; x_wconf 60' lang='lat' dir='ltr'><strong>alamur„</strong></span> <span class='ocrx_word' id='word_1_627' title='bbox 2136 5304 2221 5371; x_wconf 54' lang='lat' dir='ltr'><strong>pop,</strong></span> <span class='ocrx_word' id='word_1_628' title='bbox 2251 5323 2258 5338; x_wconf 86' lang='lat'><strong>.</strong></span> 
     </span>
     <span class='ocr_line' id='line_1_55' title="bbox 196 5370 1462 5470; baseline -0.001 -23"><span class='ocrx_word' id='word_1_629' title='bbox 196 5374 323 5470; x_wconf 90' lang='lat' dir='ltr'><strong>oppidi</strong></span> <span class='ocrx_word' id='word_1_630' title='bbox 345 5373 385 5441; x_wconf 94' lang='lat' dir='ltr'><strong>in</strong></span> <span class='ocrx_word' id='word_1_631' title='bbox 405 5372 555 5441; x_wconf 91' lang='lat' dir='ltr'><strong>alterum</strong></span> <span class='ocrx_word' id='word_1_632' title='bbox 577 5372 767 5442; x_wconf 81' lang='lat' dir='ltr'><strong>transtulit.</strong></span> <span class='ocrx_word' id='word_1_633' title='bbox 820 5370 925 5460; x_wconf 87' lang='lat' dir='ltr'><strong>Quod</strong></span> <span class='ocrx_word' id='word_1_634' title='bbox 944 5377 986 5443; x_wconf 93' lang='lat' dir='ltr'><strong>ad</strong></span> <span class='ocrx_word' id='word_1_635' title='bbox 1004 5390 1036 5446; x_wconf 85' lang='lat' dir='ltr'><strong>te</strong></span> <span class='ocrx_word' id='word_1_636' title='bbox 1054 5378 1196 5470; x_wconf 90' lang='lat' dir='ltr'><strong>quidem</strong></span> <span class='ocrx_word' id='word_1_637' title='bbox 1255 5433 1462 5450; x_wconf 84' lang='lat'><strong>.....-..</strong></span> 
     </span>
    </p>
   </div>
   <div class='ocr_carea' id='block_1_13' title="bbox 198 5473 1625 5648">
    <p class='ocr_par' dir='ltr' id='par_1_17' title="bbox 198 5473 1625 5648">
     <span class='ocr_line' id='line_1_56' title="bbox 198 5473 1625 5578; baseline -0.002 -29"><span class='ocrx_word' id='word_1_638' title='bbox 198 5476 343 5557; x_wconf 83' lang='lat' dir='ltr'><strong>attinet,</strong></span> <span class='ocrx_word' id='word_1_639' title='bbox 370 5473 593 5542; x_wconf 87' lang='lat' dir='ltr'><strong>submonitus</strong></span> <span class='ocrx_word' id='word_1_640' title='bbox 606 5495 687 5543; x_wconf 87' lang='lat' dir='ltr'><strong>sum</strong></span> <span class='ocrx_word' id='word_1_641' title='bbox 702 5474 747 5543; x_wconf 89' lang='lat' dir='ltr'><strong>ab</strong></span> <span class='ocrx_word' id='word_1_642' title='bbox 764 5473 905 5561; x_wconf 90' lang='lat' dir='ltr'><strong>amicis,</strong></span> <span class='ocrx_word' id='word_1_643' title='bbox 929 5474 1064 5546; x_wconf 84' lang='lat' dir='ltr'><strong>Ducem</strong></span> <span class='ocrx_word' id='word_1_644' title='bbox 1079 5474 1198 5548; x_wconf 88' lang='lat' dir='ltr'><strong>Mau·</strong></span> <span class='ocrx_word' id='word_1_645' title='bbox 1283 5505 1312 5578; x_wconf 71' lang='lat' dir='ltr'><strong>a)</strong></span> <span class='ocrx_word' id='word_1_646' title='bbox 1330 5503 1407 5559; x_wconf 72' lang='lat' dir='ltr'><strong>videt.</strong></span> <span class='ocrx_word' id='word_1_647' title='bbox 1421 5501 1450 5555; x_wconf 78' lang='lat' dir='ltr'><strong>in</strong></span> <span class='ocrx_word' id='word_1_648' title='bbox 1464 5501 1625 5558; x_wconf 69' lang='lat' dir='ltr'><strong>Palatinam.</strong></span> 
     </span>
     <span class='ocr_line' id='line_1_57' title="bbox 254 5557 1458 5648; baseline -0.001 -1"><span class='ocrx_word' id='word_1_649' title='bbox 254 5582 438 5647; x_wconf 69' lang='lat' dir='ltr'><strong>Mensura.</strong></span> <span class='ocrx_word' id='word_1_650' title='bbox 451 5579 556 5646; x_wconf 85' lang='lat' dir='ltr'><strong>Orrn.</strong></span> <span class='ocrx_word' id='word_1_651' title='bbox 584 5577 668 5642; x_wconf 78' lang='lat' dir='ltr'><strong>Van.</strong></span> <span class='ocrx_word' id='word_1_652' title='bbox 680 5577 739 5644; x_wconf 83' lang='lat' dir='ltr'><strong>Vl.</strong></span> <span class='ocrx_word' id='word_1_653' title='bbox 956 5557 970 5603; x_wconf 56' lang='lat' dir='ltr'><strong>l</strong></span> <span class='ocrx_word' id='word_1_654' title='bbox 1407 5575 1458 5648; x_wconf 75' lang='grc'><strong>86</strong></span> 
     </span>
    </p>
   </div>
   <div class='ocr_carea' id='block_1_14' title="bbox 818 5638 854 5669">
    <p class='ocr_par' dir='ltr' id='par_1_18' title="bbox 818 5638 854 5669">
     <span class='ocr_line' id='line_1_58' title="bbox 818 5638 854 5669; baseline 0 0"><span class='ocrx_word' id='word_1_655' title='bbox 818 5638 854 5669; x_wconf 59' lang='lat'><em>0</em></span> 
     </span>
    </p>
   </div>
   <div class='ocr_carea' id='block_1_15' title="bbox 0 0 2446 6421">
    <p class='ocr_par' dir='ltr' id='par_1_19' title="bbox 0 0 2446 6421">
     <span class='ocr_line' id='line_1_59' title="bbox 0 0 2446 6421; baseline 0 0"><span class='ocrx_word' id='word_1_656' title='bbox 0 0 2446 6421; x_wconf 95' lang='lat' dir='ltr'><strong> </strong></span> 
     </span>
    </p>
   </div>
  </div>
 </body>
</html>
