4882 6426
205 346 282 423 049

207 516 273 587 Νο.
291 513 408 585 3988.

193 612 197 619 ‘
214 609 384 640 w

842 529 901 592 29.
915 521 1000 602 Aug.
1013 519 1065 598 (t.
1077 516 1180 601 Sept.)

528 711 656 824 Cusp.
677 709 887 822 Aquilae.

275 875 460 946 Select.epist.
475 892 501 944 p.
509 873 569 929 tte.
589 873 691 927 lterum
704 870 749 923 lib.
761 869 781 923 l.
796 887 837 936 ep.
846 886 871 936 p.
878 867 939 920 m.
953 864 1006 930 (ed.
1021 865 1112 918 Lond.
1127 864 1173 921 lib.
1181 869 1201 920 1.

310 964 355 1016 ep.
369 944 436 1010 95.).
454 971 488 983 -
516 941 678 1021 apographa
691 941 719 992 in
734 939 796 991 cod.
812 934 895 989 Goth.
911 936 970 988 191.
988 954 1013 1005 p.
1026 935 1080 1001 62..
1095 936 1123 988 in
1138 937 1202 989 cod.

309 1013 407 1069 Bavari
421 1012 441 1068 l.
462 1031 488 1082 p.
500 1011 561 1068 684.
576 1023 602 1064 et
613 1027 643 1062 tn
654 1008 721 1065 cod.
738 1005 851 1059 Monac.
862 1003 907 1059 90.
927 1003 979 1059 Νο.
993 1003 1040 1058 tV.
1062 1023 1089 1075 p.
1102 1003 1185 1058 test».

204 1182 259 1264 D.
275 1175 430 1282 Caspe
443 1206 489 1253 ra
513 1176 728 1278 Aquilae,
754 1171 907 1267 Pastori
919 1172 1110 1247 Ecclesiae
1123 1172 1204 1246 Dei

499 1280 537 1351 in
553 1277 686 1380 oppidu
700 1273 860 1379 Salseld
870 1274 908 1375 1).

784 335 1224 417 aelstanattuu
1283 337 1392 419 tta.
1423 339 1471 419 X.
1522 336 1656 417 1⁵⁴⁷.

2173 343 2250 419 650

1252 531 1312 578 cos
1333 523 1450 579 autem
1472 533 1554 595 ora,
1585 514 1634 580 'ut
1655 511 1712 581 vcl
1733 511 1878 604 propter
1898 514 2087 587 amicitiam
2109 512 2244 584 iudices

1251 609 1323 682 sint
1337 609 1505 694 mitiores,
1527 611 1729 700 praesertim
1747 638 1826 682 cum
1843 608 1911 683 hoc
1928 615 1995 684 iter
2013 639 2130 686 meum
2149 607 2244 682 nihil

1251 711 1412 780 nocuerit
1424 709 1669 801 Reipublicae.
1712 708 1793 782 Edo
1810 709 1868 784 hic
1881 715 2044 784 libellum
2061 715 2245 807 puerilem,

1249 814 1329 895 sed,
1355 826 1395 883 ut
1414 836 1534 900 spero,
1559 813 1785 903 profuturum
1809 815 2036 890 discentibus.
2086 814 2177 886 Nam
2195 814 2245 883 ita

1249 912 1383 982 retexui
1418 913 1641 998 dialecticen,
1680 927 1720 984 ut
1753 938 1842 1004 pene
1871 916 2043 1005 integram
2075 929 2185 994 artem
2200 907 2245 1009 ¹⁰)

1248 1014 1451 1103 complexus
1476 1013 1564 1094 sim,
1605 1027 1639 1084 et
1664 1015 1840 1084 illustravi
1870 1015 2055 1108 exemplis,
2087 1038 2176 1109 quae
2204 1015 2244 1084 in

1247 1111 1405 1184 Ecclesia
1419 1128 1535 1184 extare
1551 1114 1638 1184 utile
1652 1129 1715 1189 est.

1346 1244 1450 1317 Nunc
1472 1247 1516 1315 ad
1536 1260 1631 1317 tuam
1649 1248 1832 1337 epistolam
1851 1249 1974 1333 venio,
2001 1247 2168 1341 quemad
2186 1268 2244 1315 re·

1246 1349 1440 1415 verendum
1463 1347 1581 1416 virum
1599 1346 1643 1420 D.
1659 1341 1903 1417 Pomerarrum
1920 1348 2100 1440 scripsisti.
2151 1344 2244 1416 Pin-

201 1430 246 1521 S·
271 1444 317 1514 D.
357 1440 449 1514 Cum
464 1464 544 1533 spes
557 1455 695 1511 ostensa
714 1454 803 1511 esset
824 1438 1091 1508 instaurationis
1107 1436 1199 1510 Aca·
1247 1449 1352 1515 darus
1367 1449 1484 1541 inquit
1501 1443 1556 1543 ¹¹)t
1588 1444 1787 1517 maledicta
1807 1446 1997 1517 obsonium
2013 1470 2087 1516 esse
2102 1444 2141 1516 irs
2157 1468 2242 1515 eorr-

203 1549 338 1620 deffllfle
363 1558 503 1612 ¹¹⁰⁵li³⁰
518 1539 566 1638 1).
592 1566 717 1636 meque
733 1536 961 1610 veheffi‘ssler
980 1541 1198 1610 obtestaren·
1246 1546 1364 1618 viviis.
1423 1547 1525 1618 Adeo
1554 1567 1654 1618 vetus
1678 1552 1894 1619 consuetudo
1920 1564 1970 1619 est
1992 1547 2240 1620 maledicendi.

203 1666 262 1723 tur
277 1648 440 1735 collegae,
465 1659 504 1714 ut
519 1643 685 1723 redirem,
713 1654 901 1712 moverunt
915 1664 972 1707 me
986 1638 1198 1710 Academiae
1244 1647 1314 1717 Sed
1331 1673 1395 1718 nec
1409 1673 1570 1739 spargere
1585 1647 1626 1742 ¹²)
1642 1650 1854 1735 calumnias,
1879 1675 1943 1719 nec
1959 1652 2009 1719 eis
2023 1650 2174 1731 credere,
2201 1670 2238 1717 re

203 1773 352 1832 nomen,
384 1745 588 1815 coniunctio
610 1746 844 1833 collegarum,
869 1740 1025 1839 solitudo
1049 1755 1083 1811 et
1099 1766 1196 1810 moe·
1245 1771 1318 1817 non
1334 1752 1512 1839 explorata
1532 1751 1663 1827 iustum
1679 1742 1729 1821 est
1745 1747 1799 1846 '’):
1826 1750 1956 1819 deinde
1972 1751 2085 1818 multo
2103 1748 2238 1817 tristius

200 1853 295 1925 stitia
317 1844 426 1918 leuius
440 1844 633 1928 Ecclesiae,
660 1846 698 1912 in
719 1870 826 1938 qnam
845 1855 947 1912 antea
966 1844 1096 1912 multae
1112 1865 1197 1932 gen·
1244 1863 1311 1935 est,
1349 1864 1457 1919 totam
1484 1848 1675 1920 Ecclesiam
1712 1852 1926 1920 contumelia
1960 1852 2096 1919 afficere
2129 1870 2237 1940 quam

199 1970 252 2026 tes
280 1950 529 2031 intuebantur,
561 1960 600 2017 ut
628 1940 698 2014 huc
728 1948 938 2016 accederem.
1001 1943 1198 2013 Videbatur
1242 1974 1383 2040 paucos.
1417 1951 1526 2038 Quod
1543 1966 1659 2021 autem
1677 1951 1742 2032 illi,
1766 1954 1809 2020 de
1825 1952 1954 2044 quibus
1967 1950 2102 2033 scribis,
2123 1950 2237 2034 aiunt,

199 2057 295 2127 enim
312 2048 341 2143 ³)
366 2049 542 2136 singulare
558 2047 766 2115 beneficium
782 2046 847 2115 Del
864 2068 954 2128 ⁰⁵⁵⁶,
981 2049 1076 2137 quod
1094 2044 1198 2135 Oppi·
1245 2045 1302 2120 hic
1319 2052 1505 2120 dissentire
1520 2053 1795 2137 concionatores,
1815 2048 1905 2120 hanc
1921 2049 2126 2132 Ecclesiam,
2147 2070 2237 2140 quae

199 2157 337 2249 dutum,
352 2162 511 2218 nostrum
530 2171 602 2215 ¹¹⁰ss
617 2146 779 2215 fundibus
792 2146 948 2215 delelum
966 2158 1073 2230 θδδθῑ,
1099 2145 1196 2215 ludl-
1243 2153 1378 2242 alioqui
1404 2154 1442 2219 in
1460 2177 1584 2241 niagno
1601 2153 1696 2222 luctu
1715 2165 1785 2237 est,
1811 2153 1994 2221 manifesta
2011 2151 2142 2219 iniuria
2159 2148 2236 2217 atti-

200 2260 393 2344 cabamque
414 2249 564 2317 alierum
585 2244 652 2314 Del
674 2246 883 2315 beneficium
904 2247 999 2330 fore,
1034 2247 1064 2314 Si
1088 2246 1193 2316 ellam
1242 2253 1351 2325 ciunt.
1406 2251 1484 2322 Una
1506 2267 1540 2323 et
1562 2254 1784 2321 consentiens
1810 2277 1876 2321 vox
1898 2249 2082 2341 Evangelii
2108 2250 2146 2317 in
2170 2243 2236 2319 hac

200 2354 328 2431 alveoli
349 2345 489 2420 scholae
505 2349 783 2422 restituerentur·
839 2344 1061 2416 cumulem
1076 2348 1194 2432 stiam,
1241 2351 1410 2436 Ecclesia,
1436 2354 1472 2452 in
1489 2355 1621 2444 oppido
1633 2352 1843 2442 Witeberga
1857 2351 1924 2421 Dei
1939 2351 2108 2420 beneficio
2124 2362 2238 2437 sonat,

199 2456 290 2532 mihi
317 2452 481 2525 atrociter
505 2448 667 2518 maledici
689 2472 708 2516 a
734 2447 855 2516 mullis
872 2443 903 2541 ⁴)
931 2462 1076 2539 propter
1097 2441 1194 2517 hunc
1241 2468 1280 2522 nt
1295 2456 1442 2522 sonabat
1458 2469 1539 2523 ante
1557 2455 1702 2525 bellum.
1753 2450 1801 2522 Et
1815 2454 1888 2522 lere
1904 2452 2237 2543 singulis-septima·

199 2582 318 2633 meum
338 2553 513 2635 ‘ullium‘
537 2545 629 2618 nibil
648 2550 866 2640 1⁸⁰⁸P⁰¹¹de⁰s
890 2549 959 2618 11ῐεὶ
975 2548 1109 2639 precari
1127 2571 1194 2633 me,
1241 2555 1298 2622 nis
1314 2554 1466 2621 ministri
1479 2551 1663 2642 Evangelii
1681 2550 1739 2622 hic
1755 2556 1893 2643 publica
1911 2552 2134 2622 ordinatione
2148 2573 2235 2618 con-

197 2676 239 2735 ιιι
252 2683 332 2729 meo
349 2652 466 2724 dolori
483 2653 584 2720 venia
600 2653 717 2720 detur.
761 2647 877 2742 Aeger
891 2648 1042 2719 animus
1056 2671 1194 2745 semper
1239 2655 1370 2725 firmati
1390 2655 1581 2724 mittuntur
1602 2657 1647 2723 ad
1672 2654 1805 2725 vicinas
1829 2655 2003 2744 regiones:
2036 2648 2101 2721 hac
2124 2651 2234 2741 septi-

160 2744 167 2757 .
198 2770 314 2840 errat,
344 2756 463 2848 inquit
483 2751 636 2825 Ennius.
705 2750 790 2823 Fuit
815 2751 924 2840 igitur
945 2752 982 2818 in
1008 2746 1073 2820 hac
1095 2763 1193 2820 tanta

197 2860 374 2937 moestitia
399 2856 475 2924 mea
495 2853 653 2924 fortassis
674 2853 816 2922 animus
839 2875 938 2920 meus
955 2852 1095 2919 avidior
1107 2873 1192 2920 con-

198 2960 391 3038 iunctionis
414 2970 571 3026 veterum
595 2954 809 3037 amicorum,
842 2953 1054 3045 quibuscum
1074 2953 1112 3020 in
1132 2974 1191 3020 so·

198 3070 320 3141 cietate
345 3055 583 3129 honestissimi
605 3053 738 3122 laboris
762 3067 830 3123 tam
854 3054 918 3122 diu
950 3053 1032 3123 vixi.
1094 3050 1191 3123 Fieri

196 3170 302 3241 etiam
330 3160 467 3256 potuit,
500 3170 541 3226 ut
565 3155 639 3247 spei
662 3155 741 3246 plus
764 3149 970 3239 habuerim,
996 3177 1101 3248 quam
1124 3177 1189 3246 pro

197 3287 394 3360 temporum
418 3259 622 3331 conditione
644 3259 858 3348 sperandum
875 3269 968 3351 erat,
992 3258 1037 3325 de
1054 3256 1192 3325 instau-

195 3372 333 3443 ratione
348 3361 577 3444 Academiae,
603 3382 693 3451 quae
708 3383 753 3426 an
771 3380 975 3451 processura
993 3358 1051 3440 sit,
1073 3351 1190 3427 adhuc

195 3472 345 3544 dubium
370 3477 431 3535 est.
482 3460 586 3531 Certe
605 3483 669 3528 nec
689 3458 888 3549 voluptates
903 3482 967 3527 nec
981 3481 1065 3549 opes
1081 3482 1190 3551 quae-

192 3573 275 3646 sivi.
327 3564 420 3631 Vivo
436 3556 494 3627 hic
509 3584 587 3627 meo
602 3571 746 3648 sumptu
762 3573 802 3626 ut
816 3554 944 3648 hospes
957 3553 998 3650 ⁸),
1023 3569 1056 3625 et
1069 3579 1191 3626 versor

192 3677 233 3747 in
248 3662 428 3739 communi
444 3660 539 3749 luctu
554 3673 588 3728 et
604 3657 814 3745 precatione,
841 3681 905 3726 nec
922 3652 1013 3724 mihi
1027 3656 1103 3726 dies
1115 3657 1190 3725 ulla

193 3776 270 3848 eine
286 3762 450 3857 lacrymis
466 3760 551 3854 abit.
602 3757 644 3828 si
659 3759 824 3847 procedet
842 3757 1062 3841 instauratio,
1086 3780 1190 3847 spero

193 3874 419 3972 prolaturum
450 3884 523 3929 esse
549 3855 717 3929 Ecclesiis
740 3853 868 3932 harum
894 3859 1090 3947 regionum.
1149 3857 1189 3927 Si

194 3999 269 4048 non
293 3967 476 4061 procedet,
504 3976 581 4032 tum
604 3962 747 4029 demum
773 3960 810 4026 in
833 3983 924 4028 nova
941 3959 1042 4027 exilia
1061 3958 1189 4027 distra-

193 4075 332 4149 hemur.
382 4065 454 4136 Nec
475 4063 606 4130 mirum
631 4074 703 4144 est,
730 4082 813 4140 nos,
840 4073 881 4130 ut
904 4073 1080 4144 amantes,
1105 4055 1188 4128 huic

193 4168 414 4253 distractioni
434 4187 569 4232 moram
584 4162 738 4254 aliquam
753 4161 976 4254 quaesivisse.
1028 4158 1103 4248 Qui
1121 4154 1189 4230 hoc

192 4300 311 4352 meum
337 4284 491 4341 erratum
509 4264 558 4332 sic
573 4275 797 4362 exaggerant,
823 4258 967 4353 quasi⁷)
990 4261 1206 4330 doctrinamt

192 4375 399 4454 abiecerim,
439 4390 503 4435 suo
539 4387 637 4431 more
670 4361 837 4430 iniuriam
873 4358 962 4430 mihi
996 4357 1187 4452 iaciunt⁸).

193 4482 268 4574 Qui
284 4470 420 4550 utinam
437 4491 499 4538 sua
517 4465 622 4535 euarn
641 4477 754 4533 errata
771 4474 975 4552 reputarent
988 4456 1032 4558 ⁹).
1084 4458 1185 4532 Ami-

1272 2975 1299 3042 9)
1318 2980 1498 3041 reputarent]
1517 2973 1601 3029 Peuc.
1617 2976 1781 3042 cogitarent.

1274 3075 1315 3140 to)
1334 3083 1429 3126 artem
1447 3074 1530 3129 Peuc.
1545 3074 1701 3128 nonhabet.

1273 3174 1317 3238 ll)
1339 3171 1393 3224 Pro
1406 3171 1510 3224 verbis:
1536 3172 1680 3224 Ps‘nslarus
1692 3172 1793 3238 risqus't,
1816 3175 1844 3222 et
1855 3187 1924 3240 quse
1935 3176 2087 3238 sequuntur
2098 3183 2183 3238 usque
2195 3165 2230 3220 ad

1306 3242 1406 3306 finem,
1424 3237 1533 3292 codices
1547 3237 1665 3290 Gotbaoi
1678 3247 1780 3291 tantum
1792 3236 1858 3293 baec
1872 3238 1986 3291 babent:
2015 3235 2113 3303 πδιιίο,
2131 3247 2156 3289 te
2171 3250 2230 3287 nen

1306 3305 1435 3362 delectari
1457 3305 1578 3372 labellis,
1603 3323 1669 3372 quas
1689 3304 1793 3358 narrari
1807 3304 1868 3359 istic
1882 3305 1987 3361 scribis.
2027 3303 2081 3356 Sed
2096 3312 2231 3370 auctores,

1305 3375 1581 3510 ‘tls't‘tttlllt'
1593 3372 2088 3510 al*“alte..t‘t'lsst't‘lttt‘t‘
2091 3390 2121 3425 ⁰⁸
2129 3369 2233 3493 rili}

1306 3511 1480 3565 consentiens
1499 3527 1548 3559 ror
1587 3477 1701 3573 vangelii
1719 3507 1808 3560 adbuc
1821 3460 1965 3578 ihpoppido
1980 3518 2075 3561 nostro
2088 3514 2168 3561 sonat
2180 3501 2234 3557 Dei

1306 3578 1456 3646 beneficio,
1478 3586 1505 3628 et
1520 3576 1665 3627 mittuntur
1677 3573 1740 3627 binc
1752 3574 1864 3656 singulis
1877 3576 2033 3644 septimanis
2048 3573 2163 3627 ministri
2176 3571 2234 3624 aliis

1305 3644 1445 3698 Ecclesiis.
1473 3641 1597 3695 Colimus
1611 3636 1691 3693 etiim
1708 3660 1772 3695 vera
1786 3653 1881 3711 pretate
1894 3652 1920 3695 et
1933 3640 2084 3696 reverentia
2098 3639 2233 3711 captivum

1306 3709 1463 3781 Principem
1482 3711 1585 3779 optime
1605 3710 1748 3775 meritum,
1774 3720 1801 3762 et
1821 3728 1871 3780 pro
1891 3728 1923 3762 eo
1941 3709 2049 3781 publice
2063 3720 2089 3762 et
2104 3707 2231 3778 privatim

1306 3781 1338 3833 ad
1355 3778 1445 3831 Deum
1460 3776 1628 3848 precationes
1643 3775 1767 3830 iacimus.
1800 3777 1926 3857 Denique
1940 3789 2044 3830 mentes
2058 3795 2120 3847 erga
2133 3774 2233 3828 Eccle-
2277 3767 2282 3784 ⁸

1305 3849 1370 3902 siam
1387 3846 1438 3899 Dei
1458 3856 1484 3898 et
1502 3862 1567 3915 erga
1583 3843 1738 3914 Principem
1760 3853 1786 3898 at
1804 3846 1955 3898 doctrinam
1972 3844 2000 3897 in
2016 3844 2095 3898 nobis
2108 3843 2232 3895 nondum

1306 3922 1425 3969 mutatae
1437 3923 1510 3978 sunt,
1529 3930 1581 3965 nec
1594 3916 1784 3966 mutabuntur.
1818 3911 1874 3967 Nec
1888 3930 2042 3984 quenquam
2057 3912 2084 3965 in
2098 3912 2151 3964 hoc
2161 3909 2232 3962 tristi

1306 3980 1409 4054 oppido
1428 3981 1553 4034 audimus
1574 3978 1644 4032 ursle
1664 3979 1820 4050 loquentem
1841 3981 1876 4033 de
1893 3980 1978 4033 altera
1996 3979 2063 4039 aula¹
2101 3981 2194 4048 Quare
2207 3985 2234 4031 te

1307 4070 1373 4109 nro.
1390 4068 1425 4101 ne
1442 4047 1603 4114 calumniis,
1643 4066 1692 4101 uae
1711 4057 1807 4101 contra
1819 4067 1870 4101 nes
1883 4059 2062 4121 sparguntur,
2079 4047 2188 4109 credas,
2206 4053 2234 4099 et

1304 4118 1394 4191 potius
1408 4115 1622 4170 misericordias
1642 4115 1740 4169 ficiaris
1754 4127 1860 4170 nostrae
1875 4114 2025 4185 Ecclesiae,
2050 4113 2161 4187 quaein
2176 4129 2235 4166 ma·

1324 4205 1361 4239 no
1385 4188 1459 4241 luctu
1478 4194 1505 4238 et
1517 4202 1645 4237 moerore
1659 4192 1708 4236 est.
1747 4182 1805 4254 Ego
1819 4187 1944 4238 nondum
1959 4184 2034 4251 scio,
2056 4185 2102 4239 ubi
2113 4182 2189 4236 Deus
2204 4180 2234 4233 in

1304 4206 1355 4310 hac
1369 4272 1428 4306 mea
1440 4262 1547 4308 senecta
1562 4250 1626 4304 mibi
1640 4249 1788 4320 hospitium
1805 4270 1982 4307 concessurus
1994 4255 2043 4312 sit.
2066 4252 2094 4304 in
2129 4269 2164 4302 uo
2177 4248 2231 4302 ali·

1303 4317 2231 4457 atita}salttlttlltltzt.bibianelli?

1374 4523 1505 4594 Magister
1518 4518 1718 4586 Sebastianus.
1738 4521 1841 4594 collega
1856 4540 1948 4591 meus,
1965 4521 2104 4594 copiosius
2116 4537 2228 4576 narrare

1373 4590 1665 4664 potestststumbuius
1679 4592 1772 4661 oppidi
1786 4592 1884 4646 nestri.
1923 4657 1930 4671 ·
2082 4635 2085 4639 ,
2141 4661 2159 4687 η

1302 4731 1347 4786 De
1364 4748 1442 4786 causa
1459 4725 1539 4781 buius
1557 4725 1719 4780 diversitatis
1757 4727 1802 4780 nid
1818 4657 2228 4782 statullliilhbllebaahlehthn.80ri·

1303 4801 1391 4871 psitne
1405 4796 1561 4850 Melanthea
1581 4796 1658 4848 binas
1678 4795 1735 4848 eius
1755 4813 1799 4847 em
1816 4795 1968 4865 argumenti
1991 4813 2005 4847 e
2024 4793 2118 4848 istolas
2135 4795 2175 4848 rel
2192 4793 2226 4848 ad

1302 4868 1428 4937 Aquilam
1463 4882 1493 4916 er
1507 4863 1625 4916 diversos
1639 4861 1793 4916 tabellarios
1808 4863 1917 4926 missas,
1934 4862 1974 4916 rel
1988 4814 2100 4918 allerarn
2113 4862 2227 4933 Aquilae

1301 4934 1414 4991 alteram
1426 4884 1642 4984 Tloctentnrao
1661 4927 1840 4994 inscriptaml
1860 4963 1896 4977 -
1930 4931 2010 4984 Estne
2030 4929 2226 4985 fortasselleu·

1303 5022 1381 5058 cerus
1398 5018 1493 5063 ausus,
1517 4999 1661 5068 epistolam
1677 4997 1860 5078 amplificare,
1884 5018 1917 5052 an
1931 5016 1995 5078 rere
2008 5007 2133 5078 auctores
2145 4996 2227 5052 eodi-

1301 5067 1579 5209 {thiebault
1593 5075 1665 5186 ilii
1682 5083 1723 5176 '¹2¹
1743 5083 1796 5186 ’Βῖ
1813 5067 1990 5192 illibi*
2008 5075 2144 5137 '’⁰⁸¹‘'¹⁰'
2163 5084 2226 5138 ‘’⁸“

201 4667 430 4689 μ

225 4781 252 4839 lt
270 4775 300 4830 ln
312 4772 374 4829 cod.
386 4770 500 4823 Manae.
512 4764 556 4818 90.
567 4757 739 4815 inscribitur:
766 4755 917 4808 Valeats'sso
932 4753 1152 4824 Tratsendorfin.

225 4868 254 4932 2)
272 4869 389 4917 nostrae
402 4855 486 4908 Peuc.
500 4868 556 4902 non
569 4847 659 4901 babet.

226 4947 262 5016 9)
279 4944 361 4997 Peuc.
381 4937 519 4991 Videbam
535 4931 641 4992 etiam5
660 4923 800 4980 mendose.

223 5031 259 5100 4)
278 5025 354 5079 Haud
375 5018 456 5074 dubie
467 5009 629 5091 Wimariae
643 5015 670 5060 et
684 5006 712 5059 in
726 5002 843 5083 vicinia,
868 5021 952 5073 quare
963 5021 1043 5087 eansq
1055 5001 1187 5085 intelligi·

259 5108 319 5160 tur‚
342 5110 392 5145 cur
403 5084 470 5141 Mel.
482 5093 537 5135 tarn
550 5079 653 5149 prolrre
667 5076 700 5128 ad
716 5072 842 5145 aquam
855 5090 886 5126 es
899 5073 933 5126 de
947 5090 976 5124 re
990 5079 1139 5145 scrspserrt.

222 5182 254 5248 5)
271 5188 302 5233 ut
316 5180 414 5240 hospes
426 5169 510 5222 Peuc.
521 5173 548 5216 et
561 5158 623 5216 cod.
637 5157 747 5212 Monac.
761 5154 805 5211 90.
817 5172 874 5210 nnn
887 5153 996 5209 babent.

221 5270 254 5331 6)
273 5279 332 5317 esse
345 5260 431 5313 Peue.
442 5271 500 5306 nen
515 5249 604 5302 babet·
1268 5235 1311 5299 tt>
1329 5253 1379 5289 aes
1391 5235 1541 5301 spargere]
1559 5229 1629 5287 cot.
1643 5230 1755 5291 Monac.
1771 5231 1815 5288 9).
1832 5234 1906 5287 uuas
1921 5248 2026 5300 graues
2037 5249 2126 5304 arsque
2139 5249 2225 5304 spor.

221 5352 252 5419 7)
272 5346 355 5417 quusi
365 5340 462 5401 codd3
483 5334 530 5387 sed
543 5329 628 5382 Peuc.
640 5337 793 5394 tanqum
1298 5320 1375 5374 em·
1736 5395 1743 5412 ι
1767 5395 1775 5412 ι

221 5438 251 5507 3)
268 5433 401 5490 ,qimam
420 5444 460 5478 m,
475 5414 598 5487 jaciunt]
616 5412 665 5468 Sic
681 5409 776 5498 codols,
794 5405 841 5463 set
862 5408 947 5465 Peuc.
963 5426 1016 5464 auo
1032 5424 1115 5463 mare
1134 5426 1183 5465 ea·
1266 5402 1313 5486 te),
1331 5400 1402 5455 Ced.
1413 5398 1525 5451 Monac.
1538 5396 1582 5497 90.
1600 5405 1802 5498 praetermittat:
1829 5414 1861 5451 rs
1873 5413 1934 5452 aaa
1946 5399 2112 5466 explorata,
2135 5415 2163 5456 at
2174 5419 2226 5474 pro
2243 5421 2253 5449 s

254 5503 368 5561 lum-3
383 5496 570 5551 muamus,
1301 5480 1408 5526 turtum
1423 5476 1465 5522 est
1476 5466 1570 5522 babet.
1595 5468 1682 5520 decet.
