4882 6426
193 337 271 423 sno
428 272 433 283 ¹
773 336 1205 431 semronitarum
1262 342 1371 422 mn.
1402 344 1450 424 x.
1502 341 1635 423 1547.
2170 349 2251 427 ooo

198 508 433 602 comperimus
444 506 715 597 sumetingenio
725 506 819 577 felici
833 531 873 580 ac
889 509 1063 580 bonarum
1074 509 1204 581 artium
1251 509 1391 590 sedem,
1414 532 1479 578 nec
1497 508 1585 578 alios
1599 511 1729 581 amicos
1744 512 1964 585 anteferrem.
2002 509 2162 584 Patriam
2176 539 2250 587 esse

200 612 320 703 capaci
333 612 532 702 praeditum
550 632 633 693 esse,
659 622 694 678 et
710 632 792 678 eum
808 609 847 678 in
861 611 1004 681 caeteris
1018 612 1111 681 vitae
1125 609 1204 681 offi-
1252 607 1436 693 iudicabo,
1460 610 1663 703 ubicunque
1685 612 1739 680 illi
1762 626 1875 683 eruut.
1927 612 1997 684 Sed
2017 628 2139 684 utrum
2161 618 2249 688 duas

201 713 264 782 ciis
280 735 396 782 mores
417 735 499 782 suos
520 705 669 781 honeste
693 708 840 794 rexisse,
867 723 900 779 et
914 711 1110 781 studiosum
1131 735 1203 780 esse
1252 709 1460 779 Academias
1476 706 1606 779 habere
1623 712 1704 782 Dux
1718 712 1831 783 victor
1846 712 1952 796 velit,
1966 715 2105 786 dubito.
2140 712 2190 787 Et
2203 731 2245 789 ut

202 812 343 906 pietatis
371 836 410 882 ac
440 811 639 882 doctrinam
664 805 854 881 catholicae
876 808 1052 881 Ecclesiae
1071 808 1205 883 Christi
1253 810 1357 894 velit,
1379 810 1409 876 si
1430 812 1602 901 praesidia
1624 825 1729 882 erunt
1752 813 1789 879 in
1811 815 1943 903 oppido
1967 816 2094 885 veteris
2108 812 2245 886 Acade·

204 914 388 1004 amplecti,
421 926 455 983 et
479 911 703 982 concordiam
726 912 903 1001 publicam
926 935 1055 983 amare.
1113 909 1204 984 Cum
1253 911 1344 979 miae
1361 927 1519 991 nostrae,
1535 937 1623 1005 quae
1640 927 1753 1004 potest
1768 914 1820 981 ibi
1834 937 1907 982 esse
1923 908 2064 999 Schola,
2088 940 2246 1007 praeser-

205 1028 324 1084 autem
347 1014 504 1102 linguam
529 1014 677 1081 latinam
698 1024 734 1080 et
757 1013 874 1104 aliqua
893 1014 1073 1082 doctrinae
1087 1009 1206 1104 philo-
1252 1012 1316 1081 tim
1333 1035 1413 1080 curn
1429 1013 1572 1081 licentia
1587 1026 1620 1081 et
1634 1013 1828 1103 petulantia
1842 1013 1995 1082 militum
2011 1016 2062 1084 ibi
2079 1016 2246 1088 maiorsit

206 1110 370 1205 sophicae
392 1116 565 1183 elementa
582 1112 777 1196 didicisset,
802 1127 836 1182 et
860 1113 1074 1204 intelligeret
1094 1110 1207 1182 hone·
1254 1134 1358 1202 quam
1379 1112 1418 1180 in
1443 1113 1522 1181 aliis
1546 1113 1656 1181 locis?
1705 1110 1825 1182 Audio
1846 1115 1940 1182 enim
1957 1109 2245 1187 GothaeCaesa-

87 1268 96 1277 .
207 1229 340 1285 starum
357 1214 622 1303 disciplinarum
637 1213 753 1281 studia
769 1215 813 1281 ad
833 1214 1020 1285 utilitatem
1036 1211 1207 1306 reipubli-
1254 1212 1374 1280 rianos
1389 1213 1518 1282 milites
1535 1214 1698 1282 collectos
1720 1215 1765 1281 ad
1780 1211 1990 1284 Danubium
2002 1231 2035 1286 et
2053 1210 2245 1287 Nerearum

209 1340 270 1385 cae
285 1315 468 1384 referenda
488 1337 577 1398 esse,
593 1314 772 1382 doctrinae
787 1314 1120 1386 iurisconsultorum
1134 1337 1207 1384 sese
1253 1312 1367 1381 multo
1386 1336 1457 1381 esse
1478 1315 1708 1383 modestiores
1724 1313 1798 1382 istis
1815 1312 1974 1385 Henetis.
2024 1315 2201 1388 Fortassis
2215 1331 2249 1389 et

208 1417 370 1486 addicere
391 1415 523 1504 coepit,
562 1436 652 1507 quae
676 1438 755 1481 cum
777 1415 931 1484 iustitiae
953 1419 1102 1485 formam
1126 1440 1208 1507 per·
1254 1410 1437 1483 Saxonicis
1451 1411 1662 1484 Civitatibus
1680 1414 1813 1483 bellum
1830 1415 1999 1497 insertur,
2020 1421 2117 1509 quod
2134 1419 2164 1487 si
2182 1420 2247 1504 bet,

208 1517 337 1589 iectiss.
356 1528 551 1606 proponat,
585 1527 620 1583 et
651 1515 696 1582 ad
718 1514 874 1605 privatos
895 1540 1009 1586 mores
1031 1519 1207 1606 regundos
1254 1526 1326 1583 tota
1340 1513 1401 1581 illa
1415 1512 1542 1583 vicinia
1560 1516 1628 1583 erit
1642 1515 1846 1606 inquietior.
1899 1514 1983 1585 Ideo
1997 1519 2041 1586 de
2058 1520 2170 1588 veteri
2184 1543 2249 1589 no-

211 1617 313 1685 valde
334 1616 432 1684 utilis
455 1628 523 1698 est,
549 1628 583 1683 et
597 1614 717 1703 regula
740 1629 792 1684 est
805 1618 1070 1704 gubernationis
1086 1617 1208 1707 politi·
1256 1627 1327 1683 stra
1343 1616 1444 1693 sede,
1465 1615 1551 1707 quid
1567 1615 1641 1704 spei
1658 1637 1732 1683 esse
1747 1617 1855 1705 possit
1872 1640 1944 1684 non
1961 1616 2073 1686 video.
2126 1617 2248 1690 lncre·

212 1740 289 1801 cae,
315 1729 349 1786 et
364 1730 479 1786 custos
496 1715 702 1805 disciplinae
716 1739 756 1784 ac
773 1717 867 1806 pacis
883 1718 976 1786 intra
992 1711 1094 1789 cives.
1119 1715 1208 1787 Eius
1256 1714 1359 1783 dibili
1383 1716 1505 1784 dolore
1526 1715 1688 1798 adficior,
1706 1717 1845 1808 quoties
1862 1711 1925 1785 has
1941 1730 2051 1787 tantas
2065 1718 2248 1787 calamita-

213 1818 267 1886 rei
290 1840 392 1888 causa
413 1812 472 1884 hic
485 1809 756 1909 Francncus‘)
777 1830 811 1886 et
825 1816 996 1888 Doctores
1021 1819 1150 1887 artium
1175 1830 1210 1886 et
1255 1829 1306 1886 tes
1328 1815 1434 1882 unius
1453 1816 1576 1906 oppidi
1597 1816 1709 1886 nostri
1724 1817 1926 1901 considero,
1948 1816 1986 1884 in
2001 1843 2089 1910 quo,
2108 1819 2248 1889 etiamsi

213 1918 302 1987 iuris
333 1918 373 1986 in
398 1913 465 1986 hac
488 1912 606 1985 schola
631 1914 789 2000 audivit,
820 1931 851 1986 et
879 1919 954 1986 eius
977 1918 1150 1988 industria
1174 1931 1209 1987 et
1254 1915 1367 1983 multa
1386 1916 1530 1985 luerunt
1551 1916 1658 1986 vicia:
1686 1930 1804 1985 tamen
1816 1917 1948 1988 multae
1963 1941 2018 1987 res
2035 1920 2249 1989 necessariae

213 2020 391 2110 proiectus
413 2018 519 2086 bonis
541 2029 575 2086 et
599 2015 713 2085 doctis
736 2017 822 2085 viris
844 2016 892 2088 ita
918 2020 1063 2108 probari
1086 2018 1210 2109 coepit,
1255 2011 1433 2083 Ecclesiae
1456 2030 1549 2086 recte
1576 2016 1769 2088 illustratae
1791 2032 1885 2091 sunt.
1933 2014 2025 2088 Cum
2051 2033 2169 2088 autern
2185 2043 2249 2087 ne-

214 2134 256 2190 ut
279 2143 354 2188 non
382 2117 582 2200 dubitetur,
604 2115 741 2206 ipsum,
767 2117 796 2185 si
822 2116 897 2187 Deo
923 2121 1064 2188 iuvante
1088 2133 1208 2208 coepta
1257 2138 1349 2184 cesse
1367 2117 1413 2184 sit
1427 2140 1493 2184 nos
1509 2130 1590 2186 ante
1608 2113 1769 2211 hyemem
1785 2119 1830 2186 de
1845 2112 2008 2209 hospitiis
2025 2119 2196 2207 cogitare,
2214 2133 2248 2191 et

215 2219 332 2289 studia
353 2231 559 2308 prosecutus
578 2216 706 2300 luerit,
745 2218 958 2310 reipublicae
982 2243 1108 2310 magno
1129 2219 1209 2288 usui
1258 2239 1321 2304 ego
1343 2217 1419 2284 sine
1444 2217 1592 2301 consilio
1613 2231 1728 2287 vestro
1752 2213 1845 2286 nihil
1866 2219 1911 2286 de
1935 2241 2013 2287 mea
2035 2220 2247 2308 migratione

217 2334 252 2391 et
268 2331 473 2388 ornamento
488 2319 648 2387 futurum
666 2339 750 2389 esse.
800 2315 891 2387 Cum
916 2320 1033 2412 itaque
1050 2321 1209 2388 omnium
1258 2317 1471 2385 constituere
1485 2317 1609 2402 velim,
1631 2319 1771 2387 decrevi
1790 2322 1835 2387 ad
1850 2343 1912 2387 vos
1930 2314 2135 2388 Servestum
2152 2344 2248 2390 acce·

215 2415 448 2490 honestorum
463 2419 622 2487 virorum
643 2417 763 2486 favore
778 2419 876 2506 digni
900 2421 989 2504 sint,
1013 2421 1076 2514 qui
1100 2422 1211 2490 bonas
1258 2418 1359 2500 dere,
1376 2443 1415 2486 ac
1431 2415 1506 2487 Deo
1524 2419 1667 2489 iuvante
1684 2441 1759 2487 cras
1776 2419 1843 2487 iter
1861 2419 2050 2509 ingrediar.
2088 2419 2197 2511 Coepi
2212 2432 2248 2490 et

216 2533 325 2604 artes,
350 2518 539 2603 iustitiam,
564 2518 656 2604 leges
678 2532 712 2586 et
728 2519 952 2608 disciplinam
967 2534 1087 2590 amant
1102 2536 1135 2591 et
1152 2544 1212 2588 ve·
1258 2531 1340 2588 ante
1353 2519 1533 2587 octiduum
1551 2519 1618 2588 iter
1631 2520 1744 2589 lacere
1759 2520 1803 2586 ad
1817 2541 1897 2602 vos,
1920 2521 1978 2587 sed
2000 2543 2058 2588 me
2077 2523 2248 2613 quaedam

216 2633 406 2703 nerantur,
431 2621 717 2688 commendamus
738 2619 788 2687 eis
811 2631 844 2687 et
862 2615 958 2689 hunc
976 2620 1214 2704 Franciscum‚
1258 2641 1332 2686 non
1348 2618 1434 2687 levis
1446 2640 1547 2689 causa
1562 2614 1632 2688 buc
1647 2618 1811 2702 retraxit,
1834 2632 1875 2688 nt
1889 2643 2006 2689 coram
2026 2622 2128 2689 vobis
2143 2646 2248 2713 erpo·

218 2744 347 2815 eosque
368 2715 570 2803 hortamur,
607 2733 649 2788 ut
679 2733 823 2810 propter
853 2714 916 2789 has
942 2745 1029 2814 quas
1060 2722 1213 2790 diximus
1260 2741 1352 2790 nam.
1384 2717 1510 2789 Scribo
1524 2721 1570 2789 ad
1587 2713 1990 2803 PaulumEberum,et
2006 2724 2048 2788 ad
2062 2715 2106 2789 V
2103 2719 2247 2791 ilumde

218 2846 338 2893 causas
351 2820 468 2913 ipsum
489 2832 648 2889 amanter
667 2821 959 2911 complectantur,
985 2836 1019 2891 et
1032 2823 1158 2891 studiis
1173 2846 1214 2891 ae
1260 2813 1328 2886 hoc
1343 2841 1421 2888 meo
1435 2820 1581 2904 itinere,
1595 2823 1728 2914 vosque
1742 2844 1824 2905 oro,
1839 2834 1880 2890 ut
1894 2821 2013 2892 literas
2023 2817 2114 2895 Vito
2124 2823 2248 2891 inscri-

214 2922 344 2993 officiis
367 2921 437 2991 suis
462 2944 535 2989 nou
558 2934 697 3010 gravate
714 2945 841 2989 ornare
857 2936 890 2990 et
905 2923 1071 2992 adiuvare
1090 2924 1213 2993 velint.
1259 2932 1336 3009 ptas
1351 2921 1395 2987 ad
1415 2915 1602 2990 honestum
1618 2919 1740 2991 Civem
1757 2919 2086 3010 Meideburgensem
2103 2917 2144 2992 Τ
2142 2916 2249 2991 uche-

217 3020 272 3095 Ac
294 3047 339 3092 ne
356 3022 434 3114 quis
456 3023 498 3089 de
518 3022 587 3090 fide
607 3015 734 3089 harum
761 3022 941 3092 literarum
970 3025 1125 3110 dubitet,
1147 3024 1213 3093 ob-
1261 3042 1340 3086 rum
1359 3020 1522 3104 mittatis,
1545 3021 1607 3113 qui
1622 3022 1752 3111 poterit
1777 3044 1834 3090 eas
1855 3021 2074 3091 Stendaliam
2097 3024 2249 3096 mittere.

217 3125 434 3214 signavimus
454 3145 511 3190 eas
531 3123 647 3211 sigillo
661 3123 882 3213 magistratus
899 3119 1116 3209 scholastici,
1141 3149 1212 3217 qno
1259 3119 1413 3192 Domino
1439 3111 1620 3191 Cunrudo
1642 3118 1716 3194 W
1711 3117 1826 3190 iclcurt
1849 3123 1996 3192 salutem
2020 3136 2121 3212 opto,
2143 3148 2248 3216 quem

219 3221 289 3293 hoc
310 3237 466 3314 tempore
498 3223 693 3308 fungimur.
751 3223 861 3293 Datae
885 3223 1132 3316 Wittebergae
1155 3227 1212 3295 die
1259 3221 1370 3290 miror
1383 3223 1543 3291 nondum
1560 3217 1692 3290 Ionam
1707 3245 1885 3292 reversum
1901 3234 2086 3305 esse,'cum
2103 3226 2246 3315 quidem

219 3321 302 3398 Xll.
320 3321 405 3394 lulii
421 3319 528 3392 Anno
542 3317 676 3393 Christi
693 3323 768 3390 nati
783 3320 1008 3396 MDXLVll.
1259 3319 1433 3410 Turingia
1455 3345 1552 3391 nunc
1565 3321 1632 3392 Dei
1647 3322 1818 3393 beneficio
1839 3324 2032 3416 tranquilla
2052 3325 2098 3394 sit
2115 3338 2149 3395 et
2171 3346 2247 3417 spes

608 3418 616 3427 “
634 3419 700 3518 (L.
727 3419 789 3516 S.)
1260 3421 1305 3492 sit
1318 3423 1477 3511 copiosae
1493 3423 1615 3491 messis
1631 3436 1665 3493 et
1679 3424 1839 3514 copiosae
1848 3422 2058 3494 vindemiae.
2083 3423 2246 3496 Profecto

1260 3521 1434 3610 singulare
1449 3522 1516 3593 Dei
1537 3524 1746 3594 beneficium
1770 3525 1930 3616 estquod
1951 3526 1989 3593 in
2013 3527 2122 3595 tantis
2144 3527 2247 3596 mise·

1258 3623 1321 3691 riis
1336 3618 1463 3694 barum
1479 3637 1651 3695 terrarum
1666 3623 1762 3694 Deus
1776 3638 1894 3694 tamen
1908 3621 2113 3717 prohibuit,
2132 3640 2246 3698 vasta·

219 3754 285 3827 Νο,
302 3755 411 3828 5938,
1038 3762 1114 3843 (13.
1133 3759 1211 3840 lut.)
1259 3723 1393 3793 tionem
1408 3723 1615 3816 Turingiaa
1662 3722 1761 3795 Bene
1775 3726 1899 3796 valete.
1938 3725 2005 3797 Die
2025 3724 2110 3824 lolii
2127 3727 2184 3802 16.

223 3850 433 3893 »ovs«
1069 3853 1197 3880 Μ
2017 3851 2022 3860 .

526 3948 650 4062 Aug.
681 3943 895 4056 Sciturfin

286 4103 429 4175 sparsa.
444 4103 479 4158 1r.
493 4124 520 4178 p.
536 4106 597 4160 sss.
616 4105 673 4176 (aa.
687 4106 833 4165 nonanis.
850 4106 883 4161 n.
896 4125 939 4178 ep.
953 4093 1040 4174 sesa.
1131 4102 1135 4117 ²
1254 4111 1322 4182 No.
1338 4111 1452 4184 3939,
1879 4120 1937 4186 16·
1962 4115 2022 4186 tur,
2048 4115 2223 4197 (Nonum)

1261 4206 1432 4236 Μ
1812 4213 2240 4257 m

1660 4312 1831 4397 Eidem.

1323 4448 1407 4521 Epist.
1422 4449 1468 4506 lib.
1483 4450 1517 4506 ll.
1529 4468 1556 4522 p.
1569 4452 1631 4509 466.
1646 4457 1702 4526 (ed.
1719 4456 1809 4540 Lond.
1826 4455 1873 4512 lib.
1888 4455 1921 4514 ll.
1934 4475 1976 4527 ep.
1990 4458 2072 4519 wid.

394 4250 450 4326 D.
482 4251 746 4353 Augustino
771 4252 1037 4357 Schurssio·

216 4367 262 4457 S.
284 4365 329 4459 1).
378 4388 579 4463 Clarissime
599 4393 655 4462 vir
674 4406 709 4463 et
731 4392 840 4460 amice
854 4385 1078 4479 charissime,
1128 4391 1206 4465 Etsi
1262 4370 1265 4377 Ι

218 4489 335 4560 statim
359 4490 464 4561 initio
490 4493 585 4577 exilii
602 4493 713 4562 nostri
731 4506 872 4563 vocatus
890 4517 966 4563 sum
984 4494 1024 4562 in
1040 4495 1205 4583 patriam:

215 4605 334 4659 tamen
355 4593 473 4662 subito
496 4616 539 4664 ex
566 4588 853 4681 his‘regionibus
884 4594 986 4665 nolui
1015 4596 1204 4670 discedere.
1426 4583 1482 4663 D.
1507 4585 1775 4684 Augustino
1800 4589 1832 4660 S
1838 4586 1951 4662 ohur
1951 4592 1988 4690 s
1980 4593 2060 4692 sio
2134 4630 2138 4634 ·

213 4687 444 4806 N‘ffdsslluw
462 4718 568 4787 ‘luam
589 4693 766 4785 είῬἷθῐῑῑθῐ
783 4693 935 4769 fecerim·
987 4693 1056 4765 3⁰⁶
1072 4720 1127 4764 ¹¹¹⁰
1148 4698 1205 4766 Vel
1251 4695 1296 4787 S·
1322 4717 1367 4790 Ι).
1419 4715 1621 4790 Clarissime
1647 4723 1703 4790 vic
1726 4735 1761 4791 et
1784 4726 1895 4794 amice
1917 4719 2142 4812 charissime,
2163 4746 2235 4797 circs

113 4823 115 4826 >
213 4791 429 4863 desiderium
449 4795 679 4884 collegarum,
705 4795 760 4864 vel
781 4794 870 4865 aliae
884 4796 962 4886 piae
976 4797 1205 4866 eausaedeti-
1252 4812 1329 4888 hesi
1342 4819 1388 4889 „d
1402 4819 1570 4890 familiam
1580 4845 1693 4890 meam
1707 4792 2246 4899 mmmmmmutaWss

213 4906 381 5010 nuerunt.
418 4889 612 4990 Aequiesco
628 4896 724 5014 enirn
743 4897 782 4967 in
796 4890 1065 4968 hacsententia:
1092 4895 1204 5015 Sivel
1250 4915 1430 4986 mutiensi
1436 4973 1446 5003 ,
1465 4917 1687 5016 lachrymans
1700 4918 1860 4996 exhibuit
1875 4921 1964 4994 mihi
1984 4927 2054 4996 filia
2071 4952 2149 4998 mea
2163 4929 2236 5008 lits:

220 4987 564 5087 thebcrgacsvel
579 4996 1203 5084 allbidsslerV012f2⁸⁰⁰¹l²8³³llf⁰⁸
1250 5043 1306 5087 ras
1321 5033 1452 5087 vestras
1470 5023 1513 5090 de
1534 5017 1798 5123 honestissimae
1818 5027 1977 5114 coniugis
1993 5041 2131 5098 vestrae
2145 5050 2236 5098 mor-

212 5094 473 5168 doctissimoset
480 5096 848 5189 integerrimosvivere
857 5116 1012 5190 possem,
1025 5099 1202 5171 nacoliam
1249 5121 1296 5188 150
1316 5133 1350 5189 eg
1368 5120 1513 5191 inierim
1534 5123 1696 5213 scriptas,
1710 5132 1806 5217 'quas
1822 5127 2086 5218 cumlegerem,
2108 5128 2236 5219 cogim-

1248 5244 1392 5312 remque
1414 5223 1459 5290 ad
1482 5246 1686 5292 communes
1707 5225 1867 5296 miserias
1884 5216 2037 5298 caeteras
2052 5229 2160 5302 etiam
2174 5231 2234 5301 do-

244 5374 272 5444 *l
291 5374 368 5448 Opus
387 5374 479 5432 hebuit
497 5375 635 5431 Francius.
650 5395 664 5430 a
679 5377 714 5431 Κ.
729 5375 863 5432 eiusmodi
879 5342 1049 5441 testimonio,
1066 5385 1097 5433 ut
1115 5376 1199 5450 recipi
1247 5321 1390 5402 menica
1406 5323 1555 5441 vulnera,
1567 5337 1638 5392 mm
1655 5325 1766 5394 muna
1787 5329 1890 5396 nobis
1906 5330 2086 5446 acceqm:
2112 5352 2233 5449 “law

222 5498 225 5505 ,
296 5453 386 5514 pauet
398 5444 427 5498 a„
441 5446 797 5537 numerumnunerum
812 5443 991 5517 magdeborg.
1014 5512 1017 5519 Ι
1079 5534 1082 5540 Δ
1230 5422 1336 5527 ¹sacta
1356 5436 1409 5493 est
1431 5446 1580 5493 accessio
1596 5427 1648 5535 ,ad
1670 5426 1809 5497 dolores
1830 5451 1927 5499 meos
1951 5453 2097 5521 perores.
2157 5432 2233 5503 Sem
