4882 6436
274 321 348 397 179

282 492 351 581 No.
366 490 479 564 3491.

274 589 477 619 m

1090 497 1263 621 Q

611 675 662 763 V.
681 677 933 791 Theodoro.

341 832 490 958 Epistblsilb.
502 834 548 888 Vl.
561 853 587 906 p.
595 833 655 888 496.
669 862 704 874 -
723 833 775 891 ttic
787 854 817 889 er
830 835 998 908 autographo
1011 835 1039 890 in
1053 837 1116 893 cod.
1125 835 1240 893 Monac.
1249 833 1271 889 1.

379 926 406 976 ps
474 941 482 957 s

274 1054 329 1130 D.
361 1058 406 1134 V
408 1059 473 1131 ito
500 1058 537 1133 Τ
545 1058 769 1151 isodoro,
804 1061 946 1133 docenti
961 1059 1214 1158 Evangelium
1230 1060 1269 1131 in

447 1163 618 1237 Ecclesia
636 1164 696 1237 dei
713 1169 752 1237 in
770 1166 857 1237 urbe
872 1161 1098 1262 Noriberga.

274 1295 317 1386 S·
345 1315 390 1390 D.
443 1314 560 1388 Annis
578 1319 650 1387 fere
667 1320 784 1401 mille,
810 1320 850 1386 in
865 1315 1059 1388 Germania
1079 1319 1172 1388 nulli
1191 1321 1268 1389 fue-

276 1432 362 1490 runt
378 1418 492 1490 Italici
509 1422 691 1494 exercitus.
740 1419 844 1490 Nunc
859 1445 918 1490 eos
933 1421 1079 1500 adducit
1092 1411 1268 1507 Carolus,

275 1535 311 1590 ct
325 1534 448 1590 contra
461 1548 536 1591 eam
553 1524 724 1591 familiam
741 1524 903 1608 adducit,
931 1549 949 1591 a
967 1549 1035 1617 qua
1053 1525 1091 1592 in
1109 1521 1177 1594 hoc
1196 1523 1270 1592 lm-

275 1623 558 1715 periifastigium
573 1640 713 1694 evectus
728 1642 789 1698 est.
815 1621 899 1719 Kdiv
913 1619 953 1697 di
968 1620 1142 1707 πολλάκις
1158 1626 1269 1721 ἐμεμ-

275 1719 410 1830 ψάμην
429 1719 617 1814 στενάζων
633 1723 833 1823 ἡμετέρους
848 1727 996 1822 ἐπαχθῆ
1007 1754 1093 1800 τινα
1111 1721 1270 1825 Καρόλῳ

219 1849 222 1853 ·
275 1822 508 1924 πράττοντας
523 1829 612 1901 ἄνευ
630 1823 805 1929 ἀνάγκης,
822 1844 941 1899 tamen
957 1831 1071 1900 sontes
1087 1833 1160 1901 odii
1175 1846 1270 1912 sunt,

274 1931 448 2002 iudicium
463 1933 502 2001 in
513 1925 653 2002 Carolo
669 1934 832 2026 iniquum
850 1935 892 2001 de
908 1934 1069 2003 doctrina
1081 1932 1270 2004 Ecclesiae.

276 2032 397 2122 Quare
412 2033 528 2105 Deum
549 2060 630 2120 oro,
652 2049 697 2105 *nt
716 2050 807 2126 tegat
823 2030 885 2104 has
899 2035 1071 2123 regiones.
1123 2034 1268 2104 Demea

183 2223 185 2226 Α
274 2137 348 2206 vita
372 2160 446 2205 non
469 2161 547 2207 sum
572 2139 762 2221 sollicitus,
797 2140 855 2207 sed
885 2138 1018 2206 nollem
1044 2139 1154 2208 deleri
1178 2134 1270 2207 hanc

274 2239 489 2308 mediocrem
506 2240 688 2310 doctrinae
700 2243 832 2313 sedem.
873 2238 933 2309 Tu
949 2262 1015 2309 nos
1031 2238 1107 2322 Deo
1122 2242 1191 2333 piis
1208 2266 1270 2309 vo-

275 2341 322 2411 tis
339 2345 598 2415 commendato.

377 2441 481 2514 Hane
507 2442 708 2535 Epistolam
737 2438 917 2516 exhibebit
949 2446 1016 2516 tibi
1042 2438 1271 2515 Franciscus

533 2543 540 2575 Ι
622 2541 631 2562 ,,
1132 2550 1175 2589 Ι.
1230 2549 1250 2593 ‚·

143 2598 152 2619 ²
276 2541 516 2647 [Dryandffl
544 2549 559 2642 l
584 2546 786 2638 H¹⁸p³m¹⁸'
811 2573 911 2618 meus
931 2550 1195 2619 mntUbemdhs
1216 2573 1272 2666 ui
1322 2629 1357 2686 et
1379 2615 1537 2684 studium
1560 2616 1741 2684 doctrinae
1767 2616 1998 2687 illustrandae
2019 2620 2056 2684 in
2084 2616 2208 2685 multis
2222 2619 2319 2709 apud

275 2654 413 2734 doctus,
433 2650 549 2739 gravis
566 2662 600 2719 et
616 2650 743 2718 eximia
759 2650 891 2720 virtute
908 2652 1098 2742 praeditus,
1117 2653 1271 2739 inomni

275 2752 392 2823 officio
417 2747 701 2844 philosophicam
727 2752 947 2842 diligentiam
974 2768 1165 2846 praestans.
1218 2751 1271 2821 Te

276 2869 310 2926 ct
324 2850 370 2924 D.
383 2852 653 2949 Hieronymum
669 2847 982 2948 Bomgarlncrum
1006 2858 1126 2927 videre
1147 2856 1271 2925 voluit.

274 2953 506 3052 Hieronymo
525 2958 636 3048 igitur
657 2982 736 3026 eum
754 2951 1029 3030 commendabis.
1081 2955 1176 3029 Mihi
1190 2983 1269 3048 gra-

275 3075 353 3132 tum
369 3062 514 3146 facietis,
539 3061 666 3130 sicum
680 3073 720 3130 ut
735 3086 793 3130 me
809 3063 960 3132 alterum
976 3061 1276 3153 complectamini.

274 3161 375 3233 Bene
398 3164 486 3232 vale.
527 3164 585 3232 die
602 3158 772 3233 Iohannis
789 3162 989 3256 Baptistae,
1017 3190 1087 3258 quo
1106 3190 1161 3233 mc
1177 3165 1272 3253 cogi-

276 3266 411 3337 tatione
427 3279 627 3357 temporum
643 3279 677 3334 ct
691 3289 939 3335 aerumnarum
952 3262 1142 3351 Zachariae
1160 3282 1193 3336 et
1206 3268 1271 3334 filii

277 3382 312 3438 et
333 3368 504 3438 similium
527 3390 616 3460 quos
638 3365 801 3437 Herodes
820 3369 1014 3453 interiecit,
1052 3371 1271 3442 consolabar.

279 3468 338 3543 Tu
353 3495 494 3565 quoquc
510 3496 550 3541 ea
566 3484 601 3541 te
618 3471 830 3561 cogitatione
849 3473 974 3562 erigito
993 3467 1033 3567 ²).

794 3570 983 3667 Philippus
998 3570 1223 3648 Melanthon.

282 3770 373 3781 νώ...
381 3771 441 3777 ..-ω
450 3771 462 3776 ..
475 3771 491 3777 .-

199 3926 201 3930 ⁷
288 3880 357 3975 ts..
375 3895 490 3975 sesa.

286 3998 498 4035 Μ

603 4082 659 4172 Ν.
686 4075 960 4188 Amadorfio.

346 4248 370 4321 †
387 4247 427 4303 Ex
438 4256 545 4318 autogr.
557 4245 587 4300 in
599 4243 661 4302 cod.
678 4242 845 4316 Guelpbcrb.
859 4240 887 4296 in
901 4244 956 4296 410.
973 4261 1020 4297 no.
1035 4242 1078 4297 90.
1090 4241 1117 4298 8.
1138 4261 1165 4314 p.
1175 4243 1221 4301 22.

279 4405 491 4488 Nicolao
517 4402 573 4477 ab
600 4397 840 4504 Amsdors,
872 4400 1060 4502 Episcopo
1080 4397 1274 4477 Numbnr.

628 4575 631 4579 .
719 4505 839 4602 gensi,

1143 3904 1192 3983 (¹1·
1208 3905 1248 3983 t·)

279 4640 328 4734 S.
353 4659 399 4734 D.
451 4655 590 4729 Omnes
610 4659 690 4750 pios
711 4681 814 4750 saepe
834 4671 868 4726 et
886 4656 1075 4745 diligenter
1089 4658 1133 4726 de
1149 4653 1274 4728 Eccle-

282 4764 353 4836 siae
375 4760 542 4856 periculis
564 4761 715 4850 cogitare
737 4762 851 4844 decet,
878 4772 918 4829 ut
934 4771 1075 4850 pectora
1091 4760 1136 4828 de
1152 4784 1274 4851 preca-

280 4867 379 4940 tione
402 4862 729 4936 commonefaciant.
791 4861 873 4931 Non
899 4861 1049 4931 dubium
1075 4873 1142 4946 est,
1175 4887 1273 4933 nunc

282 4967 580 5062 conspirationem
603 4964 707 5040 ,inter
730 4961 938 5035 Pontificem
964 4976 999 5033 et
1023 4987 1121 5055 reges
1146 4964 1272 5037 factam

282 5095 357 5145 esse
381 5074 426 5141 de
441 5070 537 5140 bello
556 5067 734 5137 movendo
750 5058 801 5159 ¹⁵).
853 5064 955 5136 Stant
970 5065 1080 5156 igitur
1094 5064 1273 5138 Ecclesiae

279 5223 501 5243 ---

314 5308 343 5377 t)
360 5307 516 5375 Dryander
526 5302 669 5376 adscripsit
681 5302 733 5358 alis
746 5320 853 5358 manus.

311 5395 344 5462 2)
362 5391 425 5449 atis
437 5409 534 5446 manus
550 5389 693 5461 adscripsit
705 5409 769 5447 ann.
784 5389 862 5444 1546.

311 5479 446 5554 ¹¹¹)lnitio
466 5479 530 5561 anpi
551 5498 563 5533 s
583 5479 726 5601 ιτὲὠιίοτ
745 5495 862 5552 mmor,
876 5476 1030 5562 'cenarem
1052 5471 1161 5531 occulte
1179 5473 1272 5532 moliri

348 5548 469 5619 bellum,
485 5548 540 5604 ud.
576 5546 609 5603 let
630 5565 674 5602 an.
689 5545 846 5604 Commeat.
864 5545 1005 5605 hb.XV1.
1020 5563 1050 5620 p.
1063 5544 1125 5600 479.

854 316 1288 397 EPISTOLARUM
1338 319 1447 396 LIB.
1476 324 1522 400 X.
1575 324 1707 403 1546.

2242 327 2314 403 180

1321 510 1472 584 nostrae,
1493 512 1534 569 ut
1548 501 1662 569 stabat
1676 497 1833 570 Ecclesia
1851 499 1957 571 Israel
1972 500 2068 570 inter
2084 523 2225 591 aquam,
2251 500 2315 569 etsi

1321 600 1424 668 nobis
1440 626 1582 694 quoque
1599 603 1710 672 multa
1727 605 1893 692 patienda
1913 617 2017 673 erunt
2034 618 2177 694 propter
2196 617 2318 672 nostra

1320 701 1406 797 vitia
1431 717 1467 772 ct
1487 719 1642 794 peccata;
1679 705 1852 774 iudicium
1872 707 1967 774 enim
1983 731 2002 775 a
2020 708 2125 773 domo
2141 702 2209 773 Dei
2226 706 2317 778 inci-

1321 803 1382 893 pit.
1420 804 1584 900 Tyranni
1599 831 1783 899 nunquam
1799 811 1951 878 atrocius
1967 808 2093 876 minati
2110 822 2192 876 sunt
2211 832 2317 899 quam

1320 930 1426 979 nunc.
1479 909 1549 979 Sed
1568 935 1629 979 oro
1647 910 1759 978 filium
1773 908 1859 994 Dei,
1880 911 2065 980 dominum
2082 924 2244 979 nostrum
2262 908 2317 978 le·

1321 1031 1399 1077 sum
1419 1005 1621 1098 Christum,
1655 1026 1694 1081 ut
1717 1036 1782 1080 nos
1806 1031 1919 1103 regat,
1952 1027 1986 1083 ct
2009 1008 2317 1083 hasEcclesiaset

1320 1112 1462 1202 politias
1478 1129 1603 1189 servet.
1655 1112 1752 1184 Bene
1768 1117 1856 1190 vale.

2012 1212 2213 1308 Philippus.

2157 1522 2216 1590 24.
2235 1519 2305 1582 lun.

2137 1612 2313 1642 W

1319 1509 1384 1585 No.
1402 1510 1514 1617 3498.

1326 1610 1498 1646 Μ

1589 1700 1646 1782 Η.
1675 1696 2044 1812 Boumgortnero

1389 1856 1473 1929 Epist.
1485 1853 1534 1914 lib.
1543 1859 1590 1913 Vl.
1605 1880 1632 1931 p.
1644 1862 1702 1916 121.
1715 1895 1750 1907 -
1768 1861 1821 1916 Hic
1833 1882 1862 1916 ex
1875 1860 2043 1932 autographo
2060 1860 2089 1913 in
2104 1861 2165 1916 cod.
2173 1861 2287 1915 Monac.
2296 1861 2318 1917 l.

1424 1948 1450 1999 p.
1464 1927 1506 1982 95,
1544 1929 1696 2002 Adscripsit
1711 1931 1959 1999 Baumgartnerus,
1983 1951 2011 1984 se
2026 1933 2164 2001 epistolam
2179 1929 2319 2002 accepisse

1425 1999 1453 2052 d.
1465 2001 1490 2054 4.
1504 1998 1555 2055 lul.
1571 2000 1646 2057 1546.
1661 2021 1708 2072 per
1722 2001 1910 2071 Dryandrum.

1322 2150 1375 2224 D.
1407 2153 1692 2252 Hieronymo
1730 2154 2100 2253 Bomgartncro,
2140 2153 2322 2229 Scnatori

1489 2255 1724 2355 *Noribcrg.‚
1761 2261 1880 2331 amico
1902 2286 1971 2332 suo
1993 2260 2122 2333 cariss.

1321 2389 1366 2481 S.
1394 2407 1439 2482 D.
1491 2407 1588 2494 Etsi,
1619 2424 1660 2480 ut
1681 2412 1736 2495 fit,
1763 2411 1801 2478 in
1823 2412 2009 2481 discordiis
2026 2412 2192 2481 civilibus
2204 2413 2318 2481 inulta

1321 2512 1525 2582 acciderunt
1541 2507 1598 2580 his
1616 2513 1742 2601 viginti
1760 2514 1881 2595 annis,
1909 2539 1998 2606 quae
2018 2515 2171 2597 nollem,
2196 2527 2318 2584 tamen

1322 2742 1390 2787 nos
1406 2718 1505 2807 pium
1521 2718 1607 2803 suit,
1636 2732 1671 2787 et
1686 2720 1818 2789 multae
1833 2744 1888 2788 res
1906 2733 1998 2789 recte
2014 2720 2205 2811 patefactae
2223 2734 2319 2796 sunt.

1321 2817 1369 2891 Et
1393 2814 1485 2889 hanc
1508 2819 1726 2891 voluntatem
1753 2836 1886 2912 gratam
1910 2847 1983 2893 esse
2005 2820 2082 2891 Deo
2104 2822 2188 2895 scio.
2241 2819 2319 2892 Hac
2341 2876 2346 2885 ,
2422 2831 2425 2836 ’

1324 2948 1380 2991 me
1404 2923 1645 3019 consolatione
1667 2938 1845 3010 sustenta,
1872 2926 2076 3019 quicunque
2091 2938 2196 2994 eruut
2211 2918 2319 2994 huius

1321 3025 1425 3111 belli,
1460 3027 1555 3118 quod
1579 3050 1674 3095 nunc
1695 3041 1877 3112 movetur,
1908 3029 2031 3099 exitus.
2084 3025 2156 3096 Nec
2180 3027 2317 3112 dubito,

1322 3152 1506 3198 mansuras
1521 3153 1594 3197 csse
1606 3128 1743 3222 aliquas
1759 3131 1943 3200 doctrinae
1957 3132 2073 3215 sedes,
2099 3129 2234 3198 etiamsi
2249 3153 2317 3199 no-

1323 3245 1413 3300 strae
1428 3230 1564 3301 casulae
1579 3232 1804 3316 delebuntur,
1822 3257 1908 3325 quas
1922 3247 1962 3302 ut
1977 3230 2198 3302 servetDeus
2211 3232 2319 3302 etiam

1322 3357 1459 3425 precor.
1522 3331 1717 3427 Relinquat
1746 3335 1856 3424 igitur
1883 3327 2046 3404 Carolus
2071 3336 2319 3425 imperfectum

1323 3437 1469 3528 poema,
1503 3450 1538 3505 et
1559 3459 1698 3505 causam
1722 3439 1911 3528 praebebit
1922 3439 2096 3508 maiorum
2116 3438 2319 3509 distractio·

1324 3564 1411 3610 num
1427 3539 1524 3608 orbis
1538 3552 1723 3612 terrarum.
1774 3540 1845 3611 Sed
1862 3535 1947 3610 haec
1964 3541 2061 3614 alias.

1416 3640 1530 3711 ¹Nunc
1556 3642 1623 3712 tibi
1647 3634 1892 3738 Franciscum
1908 3637 1945 3739 *)
1973 3639 2188 3741 Hispanum
2220 3673 2320 3720 com-

1325 3746 1474 3827 mendo,
1501 3748 1582 3837 qui,
1604 3745 1687 3837 quia
1703 3746 1899 3816 multorum
1915 3747 2053 3816 audivit
2068 3749 2111 3817 de
2126 3764 2186 3820 tua
2203 3754 2320 3822 excel-

1210 3872 1213 3877 ·
1325 3847 1412 3916 lenti
1428 3846 1560 3931 virtute
1579 3870 1774 3930 sermones,
1799 3849 1972 3918 videreta
1988 3851 2113 3924 voluit.
2167 3852 2234 3923 Vir
2252 3857 2320 3926 do-

1325 3963 1401 4019 ctus
1417 3963 1470 4018 est
1484 3964 1518 4019 et
1532 3950 1659 4039 gravis,
1686 3958 1720 4020 et
1735 3945 1978 4044 philosophica
1995 3955 2148 4046 quadam
2164 3957 2322 4048 diligen-

1326 4053 1392 4137 tia,
1418 4053 1606 4144 prudentia
1630 4066 1664 4122 ct
1687 4053 1893 4123 dexteritate
1916 4053 2073 4125 actiones
2095 4081 2175 4127 suas
2192 4063 2319 4131 mode-

1325 4169 1434 4225 ratur.
1483 4152 1583 4223 Bene
1607 4155 1694 4227 vale.
1746 4153 1814 4224 Die
1835 4151 2005 4225 lobannis
2020 4156 2218 4250 Baptistae,
2247 4190 2319 4257 quo

1325 4282 1382 4327 me
1406 4256 1618 4346 cogitatione
1637 4271 1839 4348 temporum
1861 4271 1895 4328 et
1916 4283 2165 4332 aerumnarum
2182 4262 2320 4336 Zacha-

1325 4359 1399 4429 riae
1422 4373 1456 4429 et
1476 4360 1549 4450 filii,
1565 4372 1598 4431 et
1620 4360 1810 4446 similium,
1842 4387 1930 4455 quos
1950 4362 2110 4434 Herodes
2130 4367 2316 4454 interiecit,
2402 4360 2414 4380 '

1325 4464 1544 4536 consolabar.
1595 4458 1731 4533 Eadem
1752 4477 1786 4535 te
1803 4464 2014 4553 cogitatione
2030 4468 2156 4556 erigito
2170 4461 2240 4558 “h

1835 4562 2024 4660 Philippus
2040 4566 2268 4647 Melanthon.

1323 4855 1521 4986 Q.

2044 4870 2119 4950 (hoo
2133 4872 2196 4935 fere
2208 4878 2320 4959 temp.)

2046 4968 2318 5006 “p

1670 5026 1723 5116 G.
1751 5029 1974 5118 Isreutelio.

1392 5185 1478 5260 Epist.
1495 5185 1543 5241 lib.
1562 5186 1610 5241 VI.
1653 5187 1725 5245 .sot
1743 5207 1784 5262 sq.
1807 5221 1845 5234 -
1885 5189 1939 5247 ilic
1959 5210 1989 5247 ex
2011 5194 2179 5267 autographo
2203 5197 2233 5253 in
2257 5204 2320 5257 cod.

1427 5257 1540 5311 Monac.
1556 5256 1577 5314 l.
1592 5276 1620 5329 p.
1669 5256 1694 5312 7.
1817 5339 1819 5343 ¹
1874 5328 1877 5332 .
2039 5269 2044 5277 '

1306 5475 1315 5490 ·
1356 5456 1388 5527 11)
1406 5456 1504 5510 Franc.
1517 5454 1709 5527 Dryaitdrum.

1357 5539 1406 5614 W)
1424 5538 1485 5596 atis
1499 5558 1598 5595 manus
1612 5539 1769 5614 adscripsitt
1791 5539 1838 5599 24.
1850 5540 1910 5597 lun.
1926 5540 2003 5598 1546.
