4882 6436
126 300 203 438 eir
507 471 509 475 y
712 357 1159 460 nrrsrooanun·
1205 357 1316 437 mn
1349 364 1398 442 x.
1459 331 1594 442 soti.
2097 352 2210 438 ns-

80 551 84 555 ‘
131 548 229 620 sunt3
263 556 373 628 quare
397 535 572 627 optimum
595 558 669 606 esse
691 537 796 621 duxi,
829 549 869 606 ut
891 558 951 605 me
973 532 1033 605 bic
1055 536 1123 605 ali·
1177 551 1270 608 terea
1293 553 1416 625 erunt,
1444 554 1484 611 ut
1507 563 1628 633 spero,
1658 539 1931 609 deliberationes
1945 540 1989 608 de
2004 562 2107 630 pace,
2133 539 2175 608 iu

128 638 289 731 quandin
312 638 544 712 continerem.
596 637 649 706 Te
674 652 790 708 tamen
812 634 1067 708 humanissime
1091 651 1126 708 et
1178 642 1308 732 quibus
1336 642 1367 709 si
1394 666 1511 711 meam
1541 644 1645 712 etiam
1669 643 1877 733 opinionem
1904 642 2029 710 audire
2051 655 2173 712 noster

95 766 98 770 “
130 739 257 808 eximie
281 737 327 808 D.
344 741 393 813 D.
413 762 517 827 rogo,
543 753 600 818 ut,
628 741 657 808 si
679 741 760 809 licet
783 763 852 832 per·
866 741 1126 831 occupationes,
1177 741 1348 832 Princeps
1380 736 1495 824 vdlet,
1531 745 1647 813 dicam
1680 768 1762 814 vere
1797 745 1894 837 quod
1926 743 2052 814 sentio.
2112 738 2173 815 Ad

34 902 39 909 .
80 930 83 934 .
128 837 221 909 mibi
236 841 428 933 aliquando
445 841 626 928 significes,
653 843 715 934 qui
732 844 831 912 urbis
847 857 980 911 vestrae
995 843 1040 912 sit
1054 856 1125 911 sta·
1176 838 1468 938 Landgravium
1492 847 1551 915 vel
1569 847 1606 913 in
1622 844 1688 915 hac
1704 847 1848 934 regione
1866 846 1922 914 vel
1939 846 1978 912 in
1996 867 2058 913 sua
2074 868 2173 913 acce·

130 955 189 1012 tus
213 944 251 1011 in
265 938 330 1010 his
349 943 581 1025 tumultibus,
609 956 643 1013 et
666 943 799 1036 siquid
821 944 1124 1012 denostrisexer-
1179 949 1273 1020 dam.
1309 946 1380 1016 Sed
1397 940 2071 1040 nuncexpecto²)Camerariiliteras.
2106 941 2173 1015 Ιο-

61 1095 65 1100 ·
131 1045 262 1114 ritibus
277 1047 319 1112 ad
336 1042 543 1131 Danubium
560 1039 737 1113 habueris.
772 1044 863 1114 Nam
879 1041 1127 1138 hicquasiex·
1177 1041 1483 1119 hannemretinui
1496 1053 1539 1120 ad
1554 1051 1821 1120 describendam
1832 1050 2051 1132 concionem,
2064 1040 2173 1139 qnam

130 1158 185 1214 tra
211 1147 386 1215 mundum
412 1146 521 1238 positi
548 1141 640 1213 nibil
666 1149 830 1216 audimus
857 1147 1003 1235 dignum
1025 1170 1126 1215 men·
1178 1152 1322 1224 adferet.
1363 1150 1461 1222 Rene
1476 1152 1590 1223 valeat
1604 1150 1786 1222 Celsitudo
1804 1165 1928 1222 vestra.
1962 1147 2172 1220 DieLuciae

130 1247 240 1315 tione.
602 1265 608 1272 '
1181 1248 1278 1328 1546
1295 1248 1336 1347 ⁸).

233 1347 390 1419 Videtur
403 1348 485 1420 Dux
501 1343 717 1418 Mauritius
737 1350 869 1425 minari
892 1350 997 1419 nobis
1022 1350 1126 1418 dissi·
1591 1353 1846 1437 †Cclsitudini
1863 1369 1997 1425 vestrae
2013 1356 2173 1426 addictus

29 1520 32 1524 ,
129 1451 311 1539 petionem
328 1447 550 1536 Academiae,
576 1454 673 1545 quod
686 1453 846 1543 'prolecto
863 1476 927 1520 nec
947 1450 1043 1542 Papa
1057 1474 1126 1520 nec
1453 1514 1472 1525 .
1780 1453 1845 1529 Ph.
1861 1456 1913 1530 M.
1925 1453 1966 1548 9).

131 1549 260 1633 Caesar
276 1553 441 1642 perlicere
460 1555 641 1644 potuisset.
694 1552 735 1622 Id
760 1578 806 1622 an
829 1555 977 1642 dignum
996 1554 1042 1623 sit
1062 1553 1124 1621 illo

129 1655 311 1745 principe,
336 1657 497 1746 quivult
520 1680 557 1725 se
578 1656 797 1745 evangelicae
820 1656 1001 1725 doctrinae
1017 1666 1126 1724 secta-

129 1769 244 1824 torem
260 1769 294 1825 et
309 1757 535 1826 defensorem
544 1753 737 1848 perhiberi,
753 1758 816 1827 alii
828 1757 999 1826 iudicent.
1024 1754 1128 1853 Certe
1189 1789 1255 1860 No·
1270 1790 1382 1864 3661ο
1760 1794 1835 1874 (13.
1850 1793 1924 1856 Dee.
1943 1793 2123 1871 servem)

129 1854 361 1946 Witteberga
386 1854 556 1928 hactenus
572 1860 641 1928 fuit
656 1861 755 1927 sedes
772 1872 805 1928 et
819 1859 1126 1949 propugnaculum
1182 1887 1394 1924 mv
1710 1888 2172 1939 W

129 1958 360 2050 praecipuum
378 1973 500 2030 contra
518 1955 637 2030 hostes
651 1958 857 2048 Evangelii,
884 1984 958 2027 non
978 1961 1016 2027 in
1034 1955 1127 2027 Ger·
1476 1997 1480 2003 ·
1556 1996 1599 2080 P
1635 1998 1773 2080 Ehem

130 2060 250 2129 mania
276 2074 433 2145 tantum,
464 2063 525 2131 sed
550 2064 589 2130 in
607 2077 680 2134 tota
695 2058 851 2155 Europa.
904 2060 975 2131 Sed
990 2057 1127 2129 hocse-
1595 2061 1605 2081 ⁸
1775 2063 1794 2089 ‘⁴

130 2161 252 2232 culum
275 2162 390 2230 acrius
408 2177 542 2254 pugnat
566 2160 756 2255 sophistice
780 2188 885 2256 quarn
902 2164 1010 2231 armis
1025 2175 1056 2230 et
1071 2163 1127 2230 vi·
1276 2156 1362 2229 Epist.
1376 2157 1420 2210 tit..
1435 2157 1471 2214 ¹¹·
1485 2176 1511 2229 P·
1528 2160 1585 2214 ¹4¹·
1606 2158 1668 2227 (01¹-
1681 2157 1834 2228 tenutis.
1848 2157 1881 2212 ¹¹·
1896 2176 1938 2229 ep.
1952 2156 2030 2225 ¹²⁸·l·

130 2263 243 2337 ribus.
296 2262 350 2332 Te
371 2265 476 2333 etiam
498 2288 605 2354 rogo,
631 2278 688 2349 ut,
714 2266 846 2358 siquid
867 2265 1126 2356 lociapudvos
1461 2311 1504 2384 D
1540 2308 1577 2384 P
1650 2314 1666 2386 l
1720 2313 1791 2385 Εὖ

130 2361 187 2443 his
202 2366 431 2435 tumultuosis
444 2368 664 2459 temporibus
680 2363 768 2435 milri
784 2368 934 2436 autmei
949 2367 1127 2435 similibus
1506 2364 1515 2384 ⁶
1581 2341 1639 2386 ‘W
1673 2343 1694 2387 ⁰
1803 2340 1878 2385 ΗΟ

130 2467 316 2536 literarum
337 2448 504 2537 studiosis
528 2483 742 2560 esseputes,
776 2470 966 2560 significes,
1001 2468 1127 2536 simul·
1175 2447 1220 2539 S.
1246 2467 1291 2541 D.
1344 2464 1517 2537 Amantcr
1539 2482 1574 2538 et
1594 2483 1634 2538 ut
1657 2470 1757 2537 decet
1771 2468 1867 2534 viros
1883 2467 2005 2534 doctos
2021 2478 2055 2534 et
2068 2462 2175 2534 intel-

130 2592 219 2662 qne,
252 2569 282 2637 si
303 2583 419 2658 potes,
453 2571 602 2640 consilio
623 2571 780 2643 adiuves.
830 2567 996 2659 Christus
1021 2568 1126 2638 tevi·
1176 2569 1324 2658 ligentes
1346 2570 1496 2653 fecistis,
1531 2573 1626 2662 quod
1649 2570 1710 2637 tali
1728 2583 1885 2658 tempore
1901 2567 2023 2635 amicis
2038 2565 2175 2656 stipen-

130 2671 247 2740 cissim
270 2684 362 2759 tegat
384 2684 488 2764 teque
508 2673 650 2742 adiuvet
671 2675 710 2740 in
736 2673 955 2741 sanctissimo
979 2694 1126 2741 munere
1177 2672 1236 2740 dia
1250 2673 1336 2739 sine
1360 2671 1585 2740 contentione
1601 2672 1756 2743 misistis.
1808 2667 1940 2758 Accepi
1956 2668 2050 2736 enim
2068 2690 2174 2757 pecu-

129 2772 281 2841 docendi
296 2768 494 2860 Evangelii,
513 2799 583 2866 quo
600 2775 757 2862 fungeris
773 2775 843 2841 iam
859 2775 923 2843 diu
937 2798 1017 2844 cum
1032 2773 1127 2840 mul·
1176 2773 1273 2841 niam
1290 2774 1531 2861 obsignatam,
1556 2788 1590 2842 et
1607 2769 1716 2842 hodie
1733 2772 1870 2841 doctori
1887 2764 2099 2862 Augustino
2114 2790 2174 2835 ex·

129 2887 247 2943 torum
272 2875 383 2942 salute
407 2889 441 2943 et
460 2877 572 2965 gloria
589 2876 703 2943 divini
719 2874 886 2947 nominis.
937 2872 1035 2943 Bene
1050 2873 1127 2941 vale
1176 2870 1297 2960 hibui,
1330 2889 1363 2943 et
1386 2875 1487 2942 vobis
1510 2901 1588 2944 meo
1614 2888 1647 2944 et
1669 2875 1863 2944 amicorum
1884 2872 2028 2941 nomine
2044 2868 2174 2958 gratias

130 2989 164 3045 et
180 2976 293 3045 saluta
306 2974 519 3064 Magistrum
535 2968 747 3072 Casparum
762 2975 959 3060 Decanum,
985 2991 1019 3047 et
1032 2968 1127 3043 Phi·
1177 3000 1252 3066 ago.
1304 2975 1399 3045 Illud
1423 2989 1540 3045 autem
1565 2977 1731 3067 explicate
1753 2972 1844 3042 mihi
1860 2975 2008 3056 scribas,
2034 2996 2078 3040 an
2097 2970 2172 3040 lnt-

131 3071 272 3175 lippum
288 3074 482 3169 parochum
497 3080 541 3146 ad
557 3079 824 3168 praedicatores.
875 3076 1008 3148 Datum
1025 3077 1127 3168 Mag·
1175 3071 1318 3172 βάλλον
1338 3074 1449 3173 μέρος
1465 3092 1662 3148 vestrorum
1678 3078 1935 3169 stipendiorum
1950 3100 2013 3143 vos
2030 3095 2173 3163 accepe-

130 3180 308 3270 deburgae
323 3179 454 3249 Luciae
470 3181 508 3249 in
525 3178 660 3250 Bruma
678 3178 789 3254 1546.
1175 3182 1264 3254 ritis.
1323 3179 1393 3251 Hic
1423 3181 1530 3250 audio
1561 3194 1713 3273 quatuor
1742 3180 1918 3247 mensium
1948 3175 2108 3244 inducias
2133 3174 2172 3240 in
2234 3178 2238 3188 “

704 3282 855 3351 loannes
871 3280 1075 3355 Marcellus.
1175 3277 1310 3350 Suesia
1334 3283 1464 3366 factas,
1493 3305 1582 3374 quae
1602 3283 1741 3351 utinam
1758 3305 1877 3372 pacem
1893 3278 2042 3370 parient.
2094 3271 2171 3363 Ego

1176 3385 1240 3453 etsi
1265 3385 1372 3452 variis
1394 3385 1580 3453 doloribus
1602 3384 1802 3466 excrucior,
1835 3396 1953 3450 tamen
1976 3379 2170 3447 amicorum

1175 3510 1258 3555 cura
1283 3487 1387 3555 etiam
1419 3508 1549 3573 angor,
1583 3508 1692 3578 quare
1721 3497 1837 3552 tecum
1859 3483 2043 3573 colloquar
2063 3500 2171 3571 quam

129 3573 327 3657 No.5660.
591 3669 606 3677 ,
704 3592 873 3662 13·Decb.
903 3593 1099 3671 (Servesne.)
1174 3588 1330 3678 primum
1356 3587 1524 3677 expatiari
1547 3600 1680 3677 potero.
1731 3583 1835 3654 Nunc
1859 3583 1954 3651 enim
1977 3605 2057 3650 cum
2074 3591 2169 3648 certo

138 3679 311 3708 Μ
661 3688 1119 3724 *m
1174 3689 1365 3756 nuncietur
1402 3681 1579 3782 Lipsram
1619 3681 1789 3755 venturus
1828 3679 2007 3766 Macedo,
2050 3682 2170 3750 literas

400 3755 582 3872 Georgio
603 3760 860 3853 Anbattr'no.
1175 3782 1364 3857 Ioachimi
1377 3803 1532 3878 expecto.
1583 3783 1822 3882 Typographo
1841 3787 1936 3855 dicas
1951 3808 2007 3852 me
2026 3783 2169 3855 additu·

199 3917 283 3988 Epist.
292 3915 389 3969 lih.lll.
402 3935 428 3986 p.
436 3917 480 3974 40.
489 3916 699 3973 editaaPezelio
715 3919 791 3988 (edit.
802 3922 1122 3994 Lond.lib.lll.ep.l5.).
1174 3916 1253 3961 rum
1271 3915 1344 3960 ²⁸⁵⁰
1359 3892 1493 3986 aliquot
1511 3891 1674 3983 pagellas·
1725 3887 1823 3958 Bene
1841 3902 1875 3958 el
1891 3887 2040 3956 scheller
2055 3883 2143 3952 vale·

231 4012 266 4026 -
284 3986 468 4059 Apograpbon
486 3986 513 4038 in
530 3987 592 4041 cod.
608 3990 693 4059 hang.
710 4009 736 4061 p.
747 3993 791 4048 11.
1550 3993 1553 3997 ’

1182 1662 1607 1676 mam—..m

128 4141 333 4219 IllustrisS.
359 4137 529 4242 Principi
548 4141 603 4217 D.
632 4141 833 4244 Georgia
861 4144 1071 4220 Anhaltino
1091 4160 1122 4220 et
1184 4189 1252 4263 No·
1269 4190 1381 4262 3662·
1654 4105 1658 4118 ι
1810 4235 1812 4239 ,
1978 4190 2061 4269 (stri,
2077 4190 2110 4250 h,
2127 4188 2167 4269 r.)

544 4245 708 4317 Ascanio
1178 4287 1392 4323 Μ
1989 4275 2159 4310 *Ν

128 4360 174 4449 S.
200 4378 246 4450 D.
300 4375 541 4445 lllustrissime
564 4376 745 4470 Princeps.
794 4380 929 4470 Magno
947 4380 974 4475 ¹)
998 4384 1036 4450 in
1057 4385 1122 4452 do-
1449 4371 1595 4455 Ioaclt.
1627 4367 1887 4456 Camerario.

125 4483 203 4553 ¹⁰”0
229 4505 307 4598 ‘¹¹3¹'
328 4492 472 4570 propter
496 4479 663 4597 patriam,
695 4485 744 4550 ⁸³⁰
766 4483 861 4550 ‘'¹³¹‘'
876 4481 907 4576 2)
934 4508 1012 4552 vere
1033 4509 1120 4553 voco
1239 4530 1325 4603 uper.
1340 4531 1372 4586 aa
1386 4529 1572 4584 camenus...
1591 4529 1691 4601 ...sss
1710 4528 1762 4596 (ea.
1776 4525 1869 4580 aona.
1885 4477 2054 4593 nutu...
2067 4521 2149 4592 rm).

125 4578 193 4653 has
214 4605 394 4670 regiones,
429 4605 494 4650 nec
515 4583 619 4649 vrdeo
642 4606 707 4651 nos
723 4579 751 4676 ³)
774 4579 940 4654 humanis
964 4586 1121 4655 consiliis
1207 4597 1212 4612 “

124 4709 230 4778 posse
248 4680 278 4775 ‘)
307 4683 460 4752 multum
489 4685 657 4774 prolicere
685 4687 729 4754 ad
759 4686 970 4776 mitigandos
992 4684 1134 4770 hostes,
1170 4680 1396 4759 Clarissimo
1420 4688 1497 4758 viro
1521 4683 1722 4758 eruditione
1751 4692 1782 4754 et
1807 4681 1936 4752 uirtute
1955 4679 2166 4779 praestanti

125 4787 189 4880 qui
211 4786 345 4855 interea
360 4785 405 4853 ab
422 4787 564 4854 armatis
581 4785 768 4857 irritantur
784 4783 826 4879 ⁵).
877 4786 997 4858 Audio
1014 4789 1119 4858 indu·
1169 4790 1198 4862 I
1205 4786 1417 4863 oachimo
1449 4785 1720 4863 Camerario
1752 4785 1870 4855 amico
1897 4794 1928 4854 et
1943 4783 2073 4881 fratri
2094 4806 2163 4854 saa

124 4889 196 4958 cias
212 4889 250 4956 in
268 4886 397 4956 Suevia
412 4881 443 4979 ⁶)
460 4901 613 4979 quatuor
627 4890 802 4960 mensium
818 4892 923 4960 factas
940 4915 1024 4965 esse.
1059 4889 1120 4961 ln·
1603 4889 1732 4962 cariss.

164 5093 195 5162 1)
214 5093 378 5163 cothug
394 5093 641 5162 Berenstmagno.
1168 5025 1214 5116 S·
1239 5043 1285 5118 D.
1337 5040 1499 5114 Omnino
1522 5042 1639 5111 fatalis
1662 5062 1775 5130 poena
1796 5052 1865 5121 est,
1889 5030 2162 5118 haechebana

160 5179 195 5251 t)
211 5179 303 5242 enim]
320 5178 567 5250 manegaude
584 5200 640 5237 vor.
1168 5141 1318 5217 historia
1339 5146 1555 5230 tristissima,
1588 5166 1693 5235 quarn
1716 5141 1781 5210 diu
1801 5138 1931 5223 metui,
1967 5136 2100 5206 semina
2121 5135 2160 5202 in

160 5266 190 5335 3)
208 5284 256 5319 nea
269 5268 347 5316 uideo
359 5270 424 5328 nas]
442 5267 503 5322 cod.
519 5266 601 5336 bang.
615 5279 788 5324 tamencum
803 5273 924 5328 uideam.
1704 5327 1711 5339 .

60 5366 81 5418 ,¹
159 5352 190 5417 l)
209 5349 278 5405 cod.
292 5347 377 5418 Lang.
392 5365 452 5400 nan
462 5366 555 5413 posse.
790 5381 794 5390 ·
1189 5356 1234 5425 Ἴ)
1252 5356 1320 5414 Cod.
1334 5355 1418 5425 Laug.
1433 5351 1493 5409 Sed
1507 5351 1675 5417 expectata,
1694 5344 1884 5418 praetermisso
1894 5362 1974 5401 uuna.

158 5438 187 5500 5)
208 5433 277 5488 cod.
289 5434 379 5504 Lang.
390 5433 481 5487 addit:
498 5437 591 5489 nescia
605 5438 672 5504 qaid
687 5457 783 5506 agam.
1202 5443 1229 5509 8)
1248 5445 1302 5498 Die
1319 5443 1418 5495 luciae
1435 5440 1513 5504 1546]
1532 5437 1594 5492 cod.
1609 5437 1695 5504 Lang.
1709 5443 1829 5487 tantum:
1852 5431 1927 5486 15t7.

156 5519 185 5584 6)
204 5518 234 5570 in
248 5513 353 5570 Suevia
366 5516 428 5573 eod.
443 5516 528 5586 lang.
543 5536 599 5572 non
614 5519 704 5576 babet.
1201 5531 1228 5601 9)
1249 5529 1413 5599 eelsitudini
1423 5536 1534 5580 vestrae
1546 5530 1598 5579 ete.
1612 5521 1685 5575 addit
1699 5514 1858 5586 ondlang.
