4882 6426
211 308 286 383 807
782 293 1213 377 EPISTOLARUM

1263 288 1368 363 me.
1401 285 1467 393 xc.
1519 281 1648 360 sats.
2130 366 2134 373 ⁸
2174 277 2250 351 soe

215 503 279 552 nes
298 471 522 566 Carnarius,
548 478 633 571 artis
659 477 815 548 medicae
828 473 979 558 Doctor,
1004 471 1067 565 qui
1088 468 1203 560 pluri·
1253 460 1387 530 tionem
1403 455 1471 527 Dei
1495 471 1530 527 et
1545 479 1626 526 suos
1641 474 1777 537 mores,
1799 465 1835 521 et
1854 450 1937 521 lieet
1963 470 2030 520 sua
2052 448 2168 519 studia
2194 472 2257 518 re-

215 609 314 656 mum
337 585 427 654 lucis
451 583 570 653 attulit
582 578 791 672 Hippocrati
806 589 840 646 et
857 574 1009 645 Galeno.
1060 571 1205 641 Artimn
1253 563 1320 630 lert
1337 561 1381 628 ad
1404 554 1500 628 hunc
1523 558 1647 637 finem,
1674 570 1715 624 ut
1730 555 1878 644 gloriam
1894 551 1964 622 Dei
1981 563 2100 635 ornet,
2125 547 2254 620 etEc-

118 670 121 686 ¹
215 711 300 758 vero
317 685 440 759 officiis
457 674 726 776 vincitCyguea
741 679 860 749 omnia
876 672 1002 745 harum
1021 674 1205 763 regionum
1255 662 1378 732 clesiae
1392 660 1429 726 in
1447 662 1606 729 docendo
1623 657 1769 738 serviat,
1792 668 1828 725 et
1844 653 1889 722 sit
1905 653 2040 744 palmes
2053 652 2255 722 foecundus

216 789 359 882 oppida.

219 902 255 958 et
283 887 469 980 praecipue
502 886 686 954 literarum
717 876 872 950 scholam
899 878 992 949 tueri
1018 888 1052 945 et
1078 896 1206 944 ornare

95 1010 143 1051 .·
220 1012 357 1081 semper
382 987 569 1058 solitaest.
617 982 715 1051 llaec
737 996 807 1050 tam
830 981 939 1048 multa
962 977 1078 1045 civilia
1101 998 1207 1044 orna-

218 1103 337 1158 menta
361 1112 380 1156 a
403 1086 479 1157 Deo
503 1086 635 1154 servari
657 1097 839 1173 optamus,
867 1082 928 1173 qui
950 1101 1059 1168 genus
1082 1073 1208 1145 liuma-

218 1215 306 1260 num
327 1201 470 1280 propter
492 1182 556 1256 has
577 1208 695 1254 causas
719 1183 904 1274 praecipue
929 1179 1025 1248 civili
1046 1178 1208 1246 societate

219 1290 417 1382 copulavit,
441 1301 480 1357 ut
493 1288 633 1355 luceant
656 1299 689 1354 et
705 1295 957 1353 conserventur
973 1281 1011 1347 in
1028 1293 1127 1349 coetu
1142 1301 1210 1345 no-

220 1392 320 1472 ticia,
343 1414 410 1482 qua
428 1412 464 1456 se
480 1401 513 1456 et
529 1387 640 1454 filium
656 1410 760 1454 suum
775 1385 961 1454 dominum
978 1395 1139 1450 nostrum
1154 1375 1210 1446 le-

220 1486 488 1574 sumChristum
499 1488 671 1580 patefecit,
689 1486 940 1555 etdoctrinade
950 1496 1074 1550 natura
1092 1502 1209 1549 rerum

221 1606 256 1661 et
287 1591 487 1661 virtutibus.
543 1587 628 1657 Ideo
659 1611 842 1678 precamur
870 1587 973 1655 etiam
1005 1581 1139 1664 Deum,
1171 1592 1211 1649 ut

221 1687 376 1762 scholam
398 1688 575 1783 Cygneam
602 1702 637 1756 et
657 1684 763 1755 huius
782 1681 936 1777 Georgii
955 1686 1094 1752 labores
1110 1684 1211 1751 adiu-

221 1805 290 1866 vet.
338 1790 468 1876 Datae,
494 1789 727 1877 Vitenbergae
745 1788 780 1860 7.
798 1787 902 1860 Febr.
922 1783 1031 1858 1548.
1111 1892 1113 1896 ⁴

1004 2096 1010 2109 ἱ
1076 2116 1109 2174 7.
1125 2109 1210 2170 Febr.

1077 2200 1211 2230 Μ

222 2096 303 2178 ιΝο.
321 2105 434 2182 4148.

227 2204 438 2241 Μ

401 2293 712 2376 Testimonium
734 2291 914 2399 Iosepho
945 2287 1038 2374 dat.

290 2435 314 2503 †
327 2434 367 2486 Ex
381 2432 536 2504 apographo
549 2432 578 2485 in
591 2433 654 2488 cod.
669 2434 778 2490 Monac.
790 2433 836 2485 89.
844 2449 891 2525 po.
907 2430 958 2494 Vl,
968 2448 997 2501 p.
1009 2431 1052 2482 41.

218 2553 398 2628 Decanas
415 2549 578 2650 Collegii
595 2545 853 2651 Philosophici
866 2554 904 2623 in
923 2550 1123 2625 Academia
1143 2552 1185 2626 V
1181 2555 1213 2624 i-

221 2656 422 2752 tebergeasi
436 2650 558 2754 [Phil.
567 2652 861 2828 Mssssi⁰sesnii⁰⁸
879 2652 1026 2726 lactaris
1041 2650 1114 2726 has
1131 2655 1212 2727 lite-

218 2862 392 2945 Petivita
408 2874 512 2944 nobis
528 2874 769 2946 testimonium
789 2876 831 2942 de
847 2873 919 2942 suis
934 2874 1112 2958 moribus,
1137 2887 1213 2943 stu·

222 2976 290 3046 diis
315 2989 349 3045 et
372 2977 483 3065 gradu
507 2973 677 3064 Magister
703 2967 895 3068 Iosephus.
955 2973 997 3043 ld
1020 2975 1053 3044 ei
1075 2997 1212 3044 summa

221 3079 404 3147 voluntate
427 3079 469 3145 de
493 3076 632 3166 collegii
655 3077 827 3145 sententia
851 3075 1052 3147 tribuimus.
1104 3074 1212 3146 Com-

220 3179 379 3268 perimus
405 3178 518 3262 enim,
540 3192 574 3248 et
598 3178 754 3247 indolem
777 3179 853 3247 eius
869 3179 914 3246 ad
929 3177 1096 3248 virtutem
1115 3191 1149 3247 et
1166 3177 1212 3245 li-

220 3290 313 3348 teras
335 3278 499 3347 idoneam
525 3301 618 3363 esse,
644 3291 678 3346 et
702 3301 818 3347 mores
841 3277 915 3345 eius
940 3272 1107 3347 honestos
1126 3301 1211 3351 esse.

218 3374 381 3472 Cumque
399 3378 437 3446 in
453 3376 645 3447 Academia
661 3392 780 3448 nostra
796 3391 829 3446 et
843 3377 931 3446 alibi
945 3378 1102 3447 studiose
1116 3379 1211 3447 didi-

219 3479 307 3550 cerit
327 3479 485 3570 linguam
508 3490 544 3547 et
564 3500 722 3567 graecam
741 3494 775 3548 et
794 3473 1040 3569 philosophiae
1056 3478 1211 3548 elemen-

219 3594 274 3665 ta,
299 3579 493 3651 elaboravit
508 3603 603 3648 nunc
627 3581 665 3647 in
683 3578 827 3650 caeleris
842 3574 1086 3670 philosophiae
1099 3581 1212 3671 parti·

219 3682 304 3768 bus,
329 3695 403 3754 tum
425 3705 509 3750 vero
532 3680 637 3750 etiam
658 3681 697 3748 in
718 3681 920 3751 dulcissima
946 3681 1107 3751 doctrina
1132 3707 1211 3750 mo-

218 3796 322 3854 tuum
341 3782 564 3864 coelestium,
597 3805 749 3876 quorum
774 3782 988 3870 certissimus
1011 3784 1099 3851 ordo
1124 3782 1211 3851 illu-

219 3897 289 3954 stre
304 3882 546 3956 testimonium
562 3895 633 3968 est,
658 3878 754 3953 hunc
769 3885 943 3952 mundum
966 3906 1039 3952 non
1059 3883 1211 3953 extitisse

218 4007 320 4073 cmu,
340 3988 402 4056 sed
425 4010 445 4055 a
471 3997 588 4054 mente
611 3999 751 4057 aeterna
764 3979 1004 4055 architectrice
1027 3984 1210 4054 conditum

219 4108 293 4157 esse
307 4111 348 4158 ac
362 4085 564 4177 gubernari.

280 4192 282 4196 ’
323 4184 415 4258 Cum
437 4200 554 4258 autem
575 4198 613 4255 et
632 4208 673 4254 ex
692 4184 768 4276 ipsa
782 4179 1008 4277 philosophia
1021 4185 1210 4272 didicisset,

206 4283 404 4359 'hominem
425 4290 471 4358 ad
493 4285 710 4376 agnitionem
734 4285 800 4356 Dei
822 4287 935 4366 nasci,
970 4298 1004 4356 et
1023 4286 1063 4355 in
1086 4290 1210 4357 dome-

219 4389 305 4484 stica
318 4390 506 4480 disciplina
522 4387 728 4481 percepisset
743 4388 912 4458 elementa
923 4388 999 4458 eius
1013 4389 1209 4474 doctrinae,

219 4489 260 4558 in
274 4515 344 4583 qua
357 4488 454 4567 Deus
477 4512 513 4560 se
533 4489 694 4581 patefecit
709 4485 886 4559 Ecclesiae
909 4513 1009 4574 suae,
1034 4491 1207 4582 sciretque

217 4591 386 4662 virtutem
407 4615 480 4662 esse
503 4589 730 4660 necessariam
747 4614 914 4682 quaerere
936 4616 1055 4659 veram
1070 4594 1115 4661 de
1129 4591 1207 4660 Deo

219 4690 1207 4784 sententiam,rectedidicitsummamdoctrinaequaein

216 4786 375 4863 Ecclesia
384 4795 537 4863 traditur
552 4789 691 4875 deDeo,
704 4805 739 4862 et
752 4794 795 4860 de
806 4792 879 4862 filio
896 4792 1124 4862 eiusdomino
1139 4816 1206 4861 no-

216 4907 290 4963 stro
304 4890 383 4964 lesu
392 4890 545 4976 Christo,
563 4918 666 4988 quem
686 4893 799 4963 voluit
813 4907 976 4964 aeternus
993 4905 1092 4983 pater
1103 4893 1206 4961 victi-

216 5016 311 5063 mam
322 4990 387 5066 καὶ
393 4990 548 5085 μεσίτην
561 4995 636 5063 lieri
650 5017 713 5085 pro
728 5016 854 5082 genere
869 4989 1038 5066 humano.
1064 4990 1117 5063 Ac
1128 5019 1202 5061 am-

195 5149 198 5155 .
216 5094 385 5185 plectitur
399 5091 580 5192 Iosephus
595 5118 805 5168 consensum
821 5092 1015 5166 catholicae
1028 5089 1205 5165 Ecclesiae

215 5187 361 5281 Christi,
372 5219 476 5290 quem
487 5194 719 5266 etAcademia
736 5181 855 5266 nostra
864 5197 1109 5290 prosequitur,
1135 5209 1204 5266 eta

409 783 519 856 Curat
536 783 640 853 etiam
664 784 720 873 pie
735 780 854 851 doceri
876 792 908 847 et
931 775 1005 865 regi
1020 770 1207 855 Ecclesias,
1255 761 1472 831 insitusfilio
1488 759 1573 845 Dei,
1598 759 1661 851 qni
1678 757 1837 826 sevitem
1854 755 2027 825 nominat.
2067 750 2253 822 Intellexi-

1258 887 1337 932 mus
1354 863 1456 932 etiam
1472 852 1774 956 huncIosepham
1790 858 1827 924 in
1843 878 1926 925 vero
1944 854 2114 943 coniugio
2129 878 2173 922 ex
2187 850 2257 921 ho-

1259 964 1366 1033 nestis
1390 962 1596 1052 parentibus
1620 974 1653 1029 et
1674 962 1792 1029 Deum
1814 981 1897 1026 vera
1909 957 2038 1048 pietate
2052 955 2259 1024 invocanti·

1259 1067 1325 1134 bus
1347 1077 1469 1131 uatum
1492 1086 1576 1131 esse.
1630 1059 1749 1148 Quare
1771 1082 1852 1127 cum
1876 1058 1976 1126 nrrlla
2000 1071 2091 1128 esset
2106 1051 2258 1127 honesta

1260 1159 1485 1259 reprehensio
1495 1163 1643 1253 generis,
1661 1175 1696 1230 et
1709 1151 1987 1253 moresIosephi
1997 1161 2172 1228 sciremus
2184 1178 2260 1226 esse

1261 1263 1386 1354 dignos
1401 1266 1515 1348 laude,
1531 1279 1577 1349 et,
1592 1263 1769 1354 explorata
1783 1260 2027 1329 eiusdoctrina
2037 1273 2071 1330 et
2081 1258 2260 1328 eruditio-

1261 1391 1316 1451 ne,
1326 1360 2003 1457 praeclareinstructurnessecognitione
2011 1354 2261 1452 philosophiae

1263 1481 1297 1537 et
1309 1468 1488 1535 doctrinae
1503 1467 1661 1536 coelestis
1670 1464 1969 1552 comperissemus,
1985 1462 2211 1531 decrevimus
2225 1461 2260 1527 ei

1262 1567 1403 1659 publice
1421 1569 1568 1655 gradum
1585 1565 1782 1655 Magisterii
1800 1556 2051 1654 philosophici,
2071 1565 2182 1654 idque
2200 1556 2261 1629 bis

1263 1668 1544 1760 liter·is,'publicis
1559 1680 1738 1736 testamur.
1765 1661 1812 1733 Et
1827 1664 1910 1756 quia
1926 1664 2061 1755 expedit
2075 1662 2262 1753 reipubli-

1264 1793 1343 1853 cae,
1360 1764 1523 1838 homines
1532 1765 1709 1851 honestos,
1725 1765 1840 1848 bonis,
1857 1764 2005 1855 placidis
2016 1778 2050 1834 et
2064 1763 2262 1832 moderatis

1265 1870 1421 1960 ingeniis.
1433 1871 1613 1962 praeditos
1637 1883 1673 1957 et
1692 1879 1785 1937 recte
1803 1865 1960 1937 eruditos
1979 1859 2131 1957 provehi
2155 1865 2202 1932 ad
2221 1887 2261 1933 ea

1264 1971 1359 2054 loca,
1381 1972 1445 2040 ubi
1462 1971 1590 2039 servire
1599 1965 1851 2038 EcclesiaeDei
1868 1966 2021 2058 possint,
2044 1986 2260 2055 magnopere

1265 2095 1407 2141 oramus
1432 2094 1555 2140 omnes
1581 2073 1695 2141 bonos
1720 2070 1835 2153 viros,
1867 2080 1910 2137 ut
1934 2060 2031 2136 bunc
2056 2058 2259 2161 Iosepham

1265 2174 1542 2264 complectantur
1556 2187 1590 2240 et
1606 2172 1786 2252 adiuvent,
1833 2167 2024 2259 Speramns
2038 2168 2156 2251 enim,
2178 2189 2257 2235 eum

1264 2274 1345 2343 usui
1363 2287 1466 2364 atque
1482 2286 1688 2341 ornamento
1699 2268 1874 2339 Ecclesiae
1890 2267 1956 2342 Dei
1969 2270 2132 2338 futurum
2150 2290 2233 2339 esse.

1367 2371 1420 2440 Te
1444 2387 1579 2452 autem,
1605 2386 1745 2440 aeterne
1773 2368 1887 2455 Deus,
1908 2382 2009 2460 pater
2029 2368 2169 2447 domini
2190 2391 2256 2436 no-

1265 2473 1328 2543 stri
1345 2470 1425 2542 lesu
1438 2470 1590 2557 Christi,
1616 2473 1779 2541 conditor
1800 2471 1938 2560 generis
1963 2466 2113 2539 humani
2135 2465 2258 2537 Eccle-

1265 2574 1334 2642 siae‘
1358 2588 1457 2658 tuae,
1495 2598 1636 2644 oramus
1659 2572 1884 2656 ardentibus,
1913 2585 1954 2641 ut
1976 2585 2010 2641 et
2032 2565 2131 2640 hunc
2156 2565 2256 2638 lose»

1263 2670 1378 2771 phane
1397 2677 1590 2764 gubernes,
1615 2689 1651 2745 et
1664 2671 1859 2744 Ecclesiam
1876 2672 1944 2744 tibi
1960 2684 2132 2764 perpetuo
2149 2672 2189 2739 in
2201 2665 2257 2738 his
2304 2728 2309 2735 .

1263 2776 1468 2864 regionibus
1492 2776 1652 2866 colligas,
1691 2798 1755 2844 nec
1781 2774 1895 2843 lucem
1918 2771 2207 2842 tuaedoctrinae
2226 2782 2258 2840 et

1265 2878 1416 2947 aliarum
1445 2873 1672 2947 honestarum
1698 2876 1828 2945 artium
1855 2874 2014 2963 extingui
2037 2876 2148 2947 sinas.
2211 2869 2258 2942 Ut

1264 2978 1358 3046 enim
1380 2991 1420 3048 tu
1442 2979 1611 3046 immensa
1634 2975 1876 3047 misericordia
1899 2989 2044 3068 propter
2065 2974 2183 3044 filium
2197 2974 2257 3064 de-¹

1265 3092 1480 3169 precatorem
1512 3079 1636 3158 initio,
1673 3103 1753 3148 cum
1788 3076 1897 3167 primi
1926 3089 2091 3166 parentes
2115 3088 2256 3144 aeterna

1262 3181 1357 3249 bona
1378 3179 1594 3263 amisissent,
1617 3202 1682 3247 nec
1697 3179 1771 3249 ullo
1788 3202 1853 3248 suo
1869 3177 2040 3263 consilio,
2060 3199 2127 3245 nec
2150 3174 2258 3246 ullius

1263 3294 1442 3349 creaturae
1456 3304 1523 3370 ope
1538 3304 1744 3371 recuperare
1760 3293 1919 3370 possent,
1946 3277 2021 3372 ipse
2040 3291 2077 3349 te
2085 3276 2257 3368 patefeci

1263 3380 1326 3464 sti,
1351 3394 1386 3450 et
1403 3404 1468 3450 nos
1483 3371 1672 3450 clementer
1689 3380 1871 3472 recepisti,
1892 3391 1986 3450 etex
1999 3391 2114 3449 morte
2126 3397 2256 3447 evoca-

1262 3481 1322 3551 sti:
1364 3482 1413 3551 ita
1441 3482 1606 3574 deinceps
1632 3479 1825 3551 Ecclesiam
1856 3482 2062 3552 destitutam
2092 3474 2257 3549 humanis

1261 3583 1447 3675 praesidiis
1469 3583 1562 3652 inter
1585 3583 1815 3674 imperiorum
1847 3583 2021 3653 tumultus
2056 3579 2202 3670 colligas
2225 3591 2259 3651 et

1262 3707 1397 3769 serves,
1422 3685 1513 3754 sicut
1526 3684 1660 3754 dixisti:
1687 3706 1750 3775 ego
1767 3683 1944 3768 condidi,
1957 3705 2021 3771 ego
2039 3683 2178 3766 feram,
2195 3702 2256 3770 ego

1262 3784 1366 3854 etiam
1383 3800 1619 3854 senescentem
1637 3787 1787 3874 portabo
1808 3808 1871 3855 seu
1886 3784 2042 3874 gestabo.
2090 3780 2165 3874 Spe
2188 3781 2257 3871 igi-

1262 3898 1321 3956 tur
1341 3886 1464 3955 auxilii
1489 3886 1602 3953 divini
1622 3887 1739 3955 bonae
1762 3899 1897 3957 mentes
1921 3885 2039 3955 studia
2071 3884 2256 3954 literarum

1262 3987 1381 4057 colant
1401 4001 1436 4058 et
1457 3983 1651 4056 Ecclesiam
1675 4011 1802 4057 ornare
1819 3988 1993 4056 studeant.
2042 3980 2098 4057 Ac
2112 4008 2163 4055 ne
2179 3981 2255 4078 quis

1261 4088 1388 4157 deiide
1404 4083 1531 4157 harum
1548 4087 1729 4157 literarum
1745 4087 1905 4172 dubitet,
1928 4086 2087 4176 sigillum
2104 4082 2256 4174 Colle-gii

1261 4188 1376 4259 nostri
1402 4188 1617 4261 addidimus.
1691 4186 1804 4261 Datae
1829 4185 2066 4280 Vitenbergae
2097 4185 2161 4259 die
2191 4183 2255 4257 re-

1260 4289 1398 4361 bruarii
1413 4289 1449 4365 7.
1463 4312 1557 4359 anno
1578 4285 1687 4362 1548.

2095 4588 2251 4659 astate

2080 4678 2249 4712 Μ

1258 4587 1326 4661 Νο.
1341 4585 1455 4660 4149.

1263 4682 1435 4716 w
1578 4735 1660 4821 ΊῚι.
1691 4735 1933 4821 Matthiae.

1325 4877 1418 4936 Hsnlii
1434 4877 1504 4933 lam
1524 4896 1571 5000 p.
1588 4879 1646 4931 181.
1663 4903 1700 4916 -
1726 4877 1825 4932 Select.
1838 4876 1915 5010 epiph
1929 4891 1957 4946 Ρ.
1970 4846 2049 4932 887.ι
2068 4875 2156 4951 Ep'pt.
2173 4877 2219 4936 lib.
2231 4878 2252 4933 l.

1360 4966 1385 5018 p.
1399 4947 1460 5003 431.
1477 4949 1503 5014 (e
1524 4984 1532 5001 .
1568 4946 1633 5000 ond.
1649 4944 1696 5000 lib.
1711 4947 1733 5001 l.
1747 4964 1790 5017 ep.
1809 4946 1843 4998 12
1889 4983 1897 5000 .

1254 5058 1319 5135 Ad
1335 5059 1373 5135 Τ
1378 5059 1556 5137 homam
1572 5059 1844 5135 Matidiam
1866 5053 2146 5137 Conciliarium
2163 5062 2251 5139 Eh-

1537 5166 1648 5238 ctoris
1662 5161 1966 5263 Brandehargici

214 5295 389 5367 seditiosis
398 5311 431 5368 ct
443 5297 1014 5389 fanaticisopiniooibusomnibus
1026 5290 1204 5367 abhorret.
1253 5282 1300 5373 S.
1326 5296 1371 5372 D.
1422 5297 1519 5370 Deus
1541 5312 1702 5369 aeternus
1726 5296 1831 5368 Pater
1854 5295 2002 5368 Domini
2031 5297 2149 5381 nostri
2171 5295 2265 5384 lesu,

213 5388 267 5465 Ac
283 5396 363 5467 luce
378 5420 479 5468 verae
492 5398 673 5471 doctrinae
687 5390 869 5493 Iosephus
883 5399 941 5493 pie
954 5399 1044 5491 regit
1058 5399 1203 5470 invoca·
1222 5420 1228 5497 1
1253 5395 1408 5488 Christi,
1432 5401 1596 5472 conditor
1611 5400 1794 5472 universae
1809 5413 1978 5482 naturae,
1996 5412 2030 5471 et
2042 5412 2151 5471 autor
2167 5405 2250 5497 pul-
