4882 6436
195 277 243 353 re
725 254 1206 371 ¹-nr‘isronanmu
1254 273 1435 360 etan
1485 278 1616 360 ests.
2173 283 2225 356 co

194 470 300 543 esset,
340 469 510 526 venturos
545 449 629 526 nos‘
644 455 689 526 ad
720 451 993 547 conventum*).
1058 453 1183 526 Postea
1235 452 1316 523 dam
1339 478 1430 542 esse,
1463 456 1523 525 sed
1545 452 1786 545 suscipiendas
1807 453 2046 544 cognitiones,
2079 468 2115 525 et
2136 449 2233 525 hanc

171 559 330 652 synodo
363 556 578 628 Tridentino
605 581 727 628 cursus
756 559 889 630 indicta
912 557 1185 629 deliberationes
1236 554 1420 651 Synodum
1443 556 1641 647 legitimum
1655 551 1834 625 Ecclesiae
1848 556 2020 626 iudicium
2046 580 2139 642 esse,
2169 556 2232 628 cni

194 672 350 729 mutatae
367 673 461 729 sunt.
516 655 595 729 Etsi
619 673 737 730 autem
761 661 922 731 simulari
935 673 1074 731 tantum
1087 659 1186 728 arbi·
1235 681 1359 749 parere
1387 682 1511 735 omnes
1531 681 1628 749 reges
1653 670 1823 749 oporteat.
1867 656 1985 727 'Nunc
2013 658 2124 749 igitur
2144 657 2235 729 iussi

100 764 103 769 ’
195 772 271 831 tror
289 761 447 830 studium
466 763 714 832 convocandae
746 763 894 857 synodi,
925 776 1044 834 tamen
1066 761 1184 831 iudico
1235 782 1357 829 sumns
1379 763 1553 830 adornare
1574 758 1746 850 scriptum
1770 757 2020 830 Recusationis
2044 758 2233 832 Tridenti-

194 856 287 932 hanc
308 886 446 932 moram
467 863 592 931 utilem
613 885 685 931 esse
707 864 795 955 paci.
853 863 923 936 Sed
950 864 980 933 si
1001 863 1093 934 serio
1117 856 1186 931 hoc
1237 886 1302 930 nae
1318 861 1468 956 Synodi.
1518 859 1617 932 Bene
1632 861 1727 946 vale,
1757 861 1814 929 die
1831 859 1894 934 23.
1910 858 2091 935 Ianuarii..

108 960 113 967 ’
195 976 305 1054 agunt
327 964 520 1034 adversarii
542 965 675 1045 nostri,
710 979 750 1035 ut
779 967 937 1059 synodus
964 964 1187 1057 pronunciet,
1743 971 1934 1069 Philippus
1955 972 2182 1052 Melanthon,

195 1065 282 1158 quid
298 1065 365 1136 erit
379 1066 578 1136 autoritatis
598 1066 628 1134 si
643 1067 779 1150 subito,
810 1091 884 1136 non
900 1068 1031 1138 auditis
1044 1066 1186 1146 nostris,
1288 1093 1426 1166 salum
1438 1108 1471 1164 te
1487 1104 1688 1164 reverenter
1703 1079 1855 1189 caspar
1877 1086 1978 1187 (33⁷)

195 1190 270 1237 non
294 1168 432 1256 agitatis
459 1169 566 1238 rebus
593 1169 906 1259 pronunciabunt?
956 1169 1074 1259 Magis
1102 1191 1185 1236 vero
1238 1195 1354 1266 Senex
1398 1194 1653 1266 futumsvobis
1669 1218 1786 1265 comes
1801 1190 1866 1266 καὶ
1889 1187 1975 1266 διά,

194 1270 368 1339 sententia
385 1293 508 1339 eorum
525 1283 789 1353 contemnetur,
813 1270 844 1339 si
859 1271 1077 1365 perspicuam
1093 1269 1188 1338 veri·
1237 1321 1346 1377 ,0709
1362 1251 1450 1368 'cum
1475 1297 1573 1367 ibitis
1594 1297 1640 1364 ,d
1668 1295 1854 1390 synodum
1913 1308 1977 1366 ,ut

195 1385 302 1441 tatem
332 1386 366 1442 et
385 1371 518 1462 populo
544 1384 666 1440 notam
687 1373 919 1469 damnabunt.
977 1371 1048 1443 Sed
1070 1370 1187 1442 Deum
1238 1400 1356 1490 potius
1388 1423 1453 1491 pro
1478 1398 1578 1469 vohis
1603 1397 1737 1484 iturus,
1774 1411 1815 1469 ut
1836 1349 1976 1468 ,iucem

196 1495 356 1558 oremus,
393 1485 434 1542 ut
452 1469 648 1542 Ecclesiam
673 1496 772 1542 suam
796 1488 930 1560 servet,
969 1489 1004 1544 et
1024 1497 1091 1542 nos
1116 1473 1187 1542 cle·
1239 1514 1359 1590 gestet·
1720 1477 1724 1483 '

195 1583 347 1643 menter
364 1586 471 1663 regat.
535 1572 668 1644 Petivit
695 1575 764 1643 sibi
796 1575 890 1647 mitti
925 1574 1187 1646 Illustrissimus

195 1671 385 1766 Princeps,
423 1672 505 1745 Dux
539 1670 855 1769 Wirlebergensis
883 1691 944 1748 tua
967 1679 1116 1768 scripta,
1148 1674 1187 1743 in

195 1777 326 1868 quibus
342 1776 628 1847 confirmationes
643 1779 1074 1869 attestimonialuculenta
1085 1800 1188 1846 verae

195 1878 380 1947 doctrinae
407 1878 589 1966 collegisti.
644 1876 785 1970 Inspexi
817 1882 964 1966 iterum,
998 1906 1037 1951 ac
1055 1881 1186 1962 iudico,

195 2002 285 2068 opus
311 1979 391 2048 luce
422 1993 456 2049 et
487 1980 642 2048 editione
675 1982 922 2069 dignissimum
952 2006 1041 2066 esse,
1080 1982 1187 2074 idque
1736 2038 1739 2044 .

194 2077 439 2150 Illustrissimo
455 2082 608 2172 principi
633 2083 776 2172 scripsi,
802 2109 842 2152 ac
869 2084 960 2158 misi
1010 2082 1065 2152 Te
1079 2082 1191 2177 velim
1472 2094 1475 2104 '
1571 2037 1652 2145 (M.
1681 2036 1910 2151 himera)

196 2182 338 2265 cur'are,
363 2185 552 2254 uledalttr.
606 2179 704 2251 Bene
728 2199 763 2253 el
782 2185 957 2255 foelicller
976 2186 1065 2255 vale·
1121 2183 1189 2254 Sa·
1308 2198 1406 2254 Manlii
1424 2196 1524 2320 sarrap.
1542 2216 1571 2268 p.
1583 2195 1688 2250 832-
1729 2197 1871 2269 Inscripsit
1896 2198 2008 2271 quidem
2028 2196 2234 2253 Manlinsbsnc

107 2315 113 2320 ··
193 2282 303 2353 aaa
328 2282 396 2353 aaa
416 2296 573 2353 aaaaa
595 2284 720 2355 aaa
739 2283 785 2358 D·
804 2279 1016 2369 Latara
1045 2283 1091 2358 a·
1112 2277 1186 2353 1²0-
1338 2265 1768 2390 attelanensis?
1789 2266 2235 2392 refraenentur}

195 2405 389 2464 maranus,
435 2397 471 2454 et
512 2382 559 2458 D.
602 2372 796 2479 cruciger,
839 2389 901 2482 qtll
944 2390 984 2456 in
1023 2382 1188 2456 hesterna
1342 2405 1421 2459 lilios.
1453 2401 1700 2457 Manliusfortassc
1718 2404 1822 2473 accepit
1841 2403 1984 2474 epistolam
2002 2424 2018 2460 s
2033 2404 2115 2472 lona,
2133 2403 2234 2458 comite

196 2508 305 2556 coena
327 2487 441 2580 mulia
465 2488 510 2556 de
536 2499 571 2558 te
591 2481 787 2558 honorifice
811 2490 1059 2583 loquebantur,
1120 2485 1189 2558 Die
1342 2472 1470 2541 Lutberi,
1501 2472 1592 2540 et,sie
1616 2473 1723 2528 ridetur
1745 2471 1851 2527 iactum
1878 2491 1954 2543 esse,
1984 2483 2015 2527 ut
2033 2473 2116 2528 lonae
2134 2472 2234 2527 inscri-

195 2589 258 2664 21.
275 2585 443 2661 Ianuarii.
1341 2542 1463 2602 laetetur.

1251 1845 1320 1920 No.
1336 1843 1450 1916 3862.
2087 1847 2233 1969 Q

1247 1943 1461 1981 W

1240 2628 1287 2720 S·
1305 2650 1352 2725 D.
1411 2645 1621 2721 Reverendo
1641 2648 1785 2718 domine
1807 2646 1953 2721 Doctor.
1976 2644 2235 2717 Honestissima

1242 2769 1403 2824 matrona
1419 2751 1574 2821 coniunx
1588 2763 1668 2837 tua,
1694 2752 1789 2820 etde
1806 2763 1841 2821 te
1859 2764 1894 2821 et
1918 2749 2131 2819 dulcissimis
2151 2749 2237 2818 liliis

1242 2856 1346 2925 valde
1363 2852 1511 2923 sollicita
1525 2852 1603 2937 fuit,
1629 2876 1711 2923 cum
1727 2853 1860 2922 flumen
1876 2852 2008 2941 largius
2023 2850 2235 2921 intumuisse

1243 2956 1509 3027 audivissemus.
1568 2952 1661 3022 Nam
1684 2956 1729 3023 de
1752 2978 1856 3023 amne
1877 2948 1976 3024 Saia
2000 2966 2082 3022 ante
2112 2953 2233 3022 literas

194 3071 262 3147 No,
277 3072 392 3149 8361,
1037 3078 1182 3152 23,1„,‚
1244 3071 1376 3128 vestras
1406 3052 1499 3125 nihil
1522 3054 1735 3124 audivimus.
1793 3053 1942 3124 (iratam
1957 3055 2067 3143 igitur
2096 3077 2171 3123 rem
2200 3068 2235 3123 et

203 3168 376 3250 ’θ’
406 3209 417 3216 -
1056 3174 1187 3201 Μ
1244 3155 1511 3229 honestissimae
1535 3156 1678 3246 coniugi
1706 3169 1787 3226 tuae
1808 3171 1842 3227 et
1863 3157 1966 3225 nobis
1982 3154 2112 3240 fecisti,
2139 3158 2237 3249 quod

581 3274 618 3360 L
640 3282 790 3363 Ionae,
1244 3263 1362 3331 literas
1377 3261 1420 3328 de
1429 3259 1706 3329 commoratione
1718 3271 1833 3327 vestra
1849 3258 1888 3325 in
1903 3257 2035 3328 Salinis
2051 3257 2177 3327 misisti
2185 3251 2235 3352 *).

1243 3362 1346 3434 Nunc
1356 3359 1473 3431 Deum
1482 3372 1665 3431 aeternum
1674 3372 1808 3450 patrem
1825 3357 1974 3430 Domini
1990 3357 2071 3428 lesu
2084 3383 2237 3443 oramus,

1243 3478 1285 3536 nt
1299 3487 1363 3535 vos
1376 3486 1500 3533 omnes
1516 3461 1712 3531 incolumes
1734 3463 1901 3546 reducat,
1932 3461 2082 3530 feliciter
2104 3462 2237 3531 consti-

196 3553 408 3631 Reverendo
432 3564 529 3650 viro,
561 3562 764 3637 eruditione
785 3577 817 3637 et
840 3567 970 3639 virtute
982 3565 1195 3664 praestanti
1244 3580 1319 3638 tuta
1347 3567 1442 3636 inter
1460 3564 1618 3640 ,comites
1648 3560 1883 3632 Mansseldiae
1912 3561 2113 3633 concordia.
2167 3560 2237 3632 Hic

195 3657 252 3736 D.
272 3658 409 3734 Iusto
426 3659 584 3750 Ionae,
612 3663 753 3739 doctori
764 3664 982 3764 theologiae,
1007 3666 1193 3768 Episcopo
1242 3666 1311 3738 Dei
1333 3667 1503 3738 beneficio
1526 3665 1764 3758 tranquillitas
1787 3660 1854 3749 est,
1885 3677 1918 3733 et
1941 3677 1982 3735 ut
2005 3665 2051 3734 sit
2065 3664 2236 3734 diuturna

197 3760 389 3835 Ecclesiae
414 3760 475 3836 dei
490 3761 535 3836 'in
554 3764 725 3857 Saiinis,
761 3771 880 3842 antico
901 3770 1192 3859 moestissimo,
1242 3768 1339 3841 Deus
1358 3768 1474 3839 faciat.
1525 3762 1655 3837 Adhuc
1670 3767 1777 3836 etiam
1795 3766 1839 3834 de
1856 3780 2034 3836 conventu
2051 3766 2095 3835 ad
2110 3763 2236 3836 Danu-

197 3878 244 3969 S.
278 3896 324 3971 D·
354 3895 512 3988 Angelus
544 3897 564 3973 ὁ
596 3894 705 4001 20'709
733 3899 852 3985 ἀΐδιος
885 3901 1010 3979 ἀϊδίου
1040 3901 1179 4002 πατρός
1243 3873 1343 3943 bium
1364 3869 1554 3941 tsilentium
1588 3881 1651 3941 cst.
1719 3865 1875 3938 Mortem
1910 3869 2010 3938 ducis
2038 3859 2238 3937 Luncbur-
2335 3951 2341 3957 ⁷

199 4001 263 4092 (lui
293 4002 461 4071 custodiit
492 4003 531 4070 in
562 4004 688 4074 itinere
722 4021 885 4078 nostrum
916 4009 1097 4079 doctorem
1127 3959 1191 4080 nai
1241 3965 1452 4069 3⁶⁶⁸i⁸**)’
1476 3967 1762 4062 b⁰⁰iprin⁰ipiP
1787 3968 1850 4061 qui
1865 3965 1981 4039 Deum
1997 3994 2080 4039 vem
2095 3983 2237 4061 pedm

198 4093 412 4195 ἡούμενον
432 4100 554 4188 Iacob,
587 4122 700 4177 servet
716 4109 821 4178 etiam
835 4111 1014 4179 doctorem
1029 4125 1191 4181 nostrum
1242 4075 1371 4157 mlum
1403 4073 1509 4194 valde
1522 4073 1692 4163 lugemus‘
1749 4068 1978 4189 Demsi‘vet
1994 4085 2237 4190 eiregaiffle'

241 4197 462 4300 umerumt),
505 4218 539 4275 et
570 4208 663 4277 adsit
691 4212 860 4298 negoffis’
902 4225 943 4280 u,
965 4228 1133 4303 perpetua
1157 4225 1193 4283 et
1245 4193 1337 4248 teros
1358 4198 1551 4269 prrncrpes,
1583 4185 1741 4242 amantes
1759 4169 1936 4243 Ecclesras
1958 4172 2038 4247 Der.
2087 4172 2184 4244 Bene
2201 4188 2236 4245 et

201 4305 365 4376 salutaris
387 4306 576 4376 concordia
596 4309 691 4378 inter
712 4309 867 4382 Comites
884 4307 1192 4413 Mansseldenses
1242 4280 1391 4350 feliciter
1409 4277 1496 4352 vale·
1548 4272 1686 4348 Ullim⁰
1712 4275 1771 4345 dle
1788 4271 1957 4349 Ianuarii·

126 4431 135 4438 ·
201 4409 464 4501 constituatur.¹
496 4405 574 4498 Ego
595 4426 739 4502 propter
758 4413 997 4486 valetudinem
1017 4440 1091 4486 non
1113 4440 1192 4487 sum

200 4509 393 4593 adductus,
429 4533 512 4579 nam
531 4512 685 4603 amplius
709 4538 828 4584 mense
853 4518 928 4585 sine
957 4519 1192 4588 medicatione

202 4633 277 4678 non
306 4609 414 4700 egessi
442 4634 483 4678 ex
519 4614 716 4684 ventriculo
749 4632 981 4693 excrementa.
1045 4616 1094 4690 Et
1128 4621 1191 4689 ob-
1243 4634 1311 4705 No,
1325 4631 1439 4704 3565,
1914 4628 2238 4718 (sznutridstur.)

201 4710 406 4799 structionis
425 4734 564 4781 causam
582 4737 657 4785 esse
671 4712 840 4789 λιθίασιν
852 4721 1022 4789 arbitror.
1250 4726 1423 4760 Μ
1940 4727 2212 4766 “¹¹⁸⁸'‘

285 4809 356 4930 ‘De
379 4804 561 4904 republica
582 4816 669 4887 scito
685 4813 890 4889 Romanum
905 4818 1113 4892 Pontificem
1131 4820 1195 4889 de-
1289 4898 1294 4905 ,
1595 4821 1656 4913 M,
1687 4820 1888 4935 Heling'o.

201 4934 369 5000 crevrsse,
402 4912 587 5009 Synodum
614 4915 864 4992 Tridentinam
887 4947 962 4992 non
979 4923 1195 5015 abrumpen-
1313 4989 1400 5064 Epist.
1416 4985 1465 5043 mk
1483 4982 1518 5041 v·
1535 5001 1562 5056 P·
1578 4979 1640 5039 m

697 2688 889 2786 Philippus
912 2686 1138 2763 Melanthon.

266 3427 289 3498 †
309 3424 347 3480 Er
359 3425 527 3500 autographo
541 3428 718 3488 Melanthio
735 3433 797 3487 cod.
812 3431 926 3488 Monac.
934 3431 973 3493 l..
991 3431 1020 3484 io
1033 3430 1192 3503 appendice.

1247 5152 1467 5171 -β-

233 5224 263 5295 ’)
280 5223 437 5280 Conventus
457 5222 619 5282 listisbonn.
646 5226 743 5296 1⁵46„
775 5227 820 5285 soi
844 5228 971 5285 interfuit
986 5228 1147 5311 Sebneplius
1167 5236 1194 5284 et

266 5292 862 5436 turmsatttsssaattts
875 5298 1193 5441 tttsttttuu
1277 5269 1894 5426 liltl‘i'saamcsn
1912 5335 1962 5412 <a
1975 5337 2079 5397 wa
2093 5337 2128 5396 v.
2141 5342 2218 5410 ⁷⁵0·t

234 5443 263 5519 t)
278 5442 440 5504 Proiectum
456 5444 491 5503 sd
509 5443 635 5504 Comites
651 5447 875 5508 Mansisldsoses.
1276 5438 1327 5515 stat)
1346 5438 1487 5495 Εηωιω.
