4882 6426
196 319 339 447 ese
447 343 450 348 ‘
792 303 1656 449 tatsrotattotaorn.x1ota.
2042 390 2045 393 ·
2159 340 2240 436 eso

199 552 261 613 est.
314 539 427 611 [leram
447 535 567 632 phtius
589 555 672 625 oto,
702 531 1189 621 utinhatconlusionelm·
1241 562 1324 611 nem
1339 536 1509 634 provehi,
1531 531 1636 612 honis
1650 554 1684 611 et
1700 540 1813 611 doctis
1828 539 1935 623 viris,
1961 537 2022 631 qni
2038 531 2103 607 has
2118 535 2241 607 literas

199 644 382 737 pariorum
403 656 518 712 servet
531 640 725 717 Ecclesiam
746 661 844 712 suam
871 642 904 711 et
917 640 1049 712 alicubi
1065 636 1191 711 studiis
1241 642 1376 734 legent,
1406 638 1504 714 hunc
1520 641 1741 713 Eridericum
1759 643 1990 722 commendo,
2016 662 2145 732 eosque
2162 662 2242 720 oro,

199 739 569 840 tranquillahospitia
592 745 772 817 concedat.
822 741 922 813 Hinc
933 743 1113 834 expellunt
1126 764 1192 810 nos
1243 759 1283 815 ut
1304 769 1384 815 eum
1404 758 1564 816 amanter
1586 743 1864 836 complectantur
1887 756 1921 813 et
1940 754 2079 811 ornent.
2129 737 2241 826 Quod

200 848 255 916 illi
282 847 368 939 ipsi,
402 846 464 938 qui
486 869 522 915 se
545 869 664 935 gerere
681 869 777 914 arma
795 845 978 915 doctrinae
991 868 1093 915 causa
1107 867 1192 935 pro·
1244 848 1305 940 qui
1319 847 1449 917 facient
1462 847 1626 938 privatim
1649 870 1690 915 ex
1711 845 1822 936 ipsius
1834 890 1935 919 ......
1950 842 1986 937 *)
2013 857 2047 912 ct
2067 841 2242 911 suavitate

200 949 355 1021 litentur.
414 945 653 1017 Proficiscitur
676 971 758 1036 ergo
778 943 1027 1039 Hieronymus
1049 947 1094 1014 ad
1118 941 1192 1024 vos,
1244 972 1411 1038 magnum
1434 951 1587 1019 fructum
1611 948 1767 1039 capient,
1807 958 1842 1015 et
1863 948 1907 1014 de
1931 944 2109 1036 republica
2134 943 2174 1010 in
2197 966 2241 1010 eo

202 1076 306 1143 quem
328 1062 474 1140 propter
495 1049 658 1118 eximiam
672 1048 710 1117 in
727 1049 826 1118 omni
841 1049 956 1117 officio
972 1045 1192 1137 diligentiam
1244 1052 1406 1121 ornando
1421 1052 1512 1122 bene
1526 1051 1771 1124 merebuntur.
1809 1044 1893 1122 Dat.
1906 1044 2052 1119 Calend.
2067 1043 2246 1115 Novemb·

203 1166 238 1221 et
254 1151 532 1221 moderationem
550 1150 734 1241 complecti
751 1164 785 1218 et
800 1173 928 1218 ornare
942 1164 976 1220 te
992 1149 1110 1221 velim.
1153 1145 1193 1217 Si
1248 1150 1359 1227 1546,
1865 1157 1872 1171 ‘

203 1278 309 1346 quam
334 1246 490 1321 scholam
513 1251 642 1321 iterum
658 1245 815 1320 habituri
832 1252 973 1337 sumus,
998 1253 1043 1321 ad
1057 1273 1123 1320 nos
1138 1272 1195 1318 re-

203 1354 297 1424 mitti
316 1378 396 1424 cum
413 1354 516 1423 etiam
533 1377 609 1421 mea
626 1376 727 1422 causa
745 1353 909 1443 optarim.
961 1349 1197 1423 Animadver-

203 1469 255 1528 tes
271 1469 362 1524 recte
379 1455 558 1540 eruditum
574 1475 647 1523 esse
663 1469 697 1524 et
713 1453 838 1524 iudicii
854 1455 1096 1524 dexteritatem
1112 1477 1197 1544 pro·

204 1540 370 1626 haturum
392 1569 427 1624 te
445 1578 518 1625 esse
535 1579 649 1648 spero.
701 1554 799 1625 Bene
813 1556 903 1632 vale.
952 1553 1020 1626 Die
1036 1555 1197 1626 omnium

204 1671 406 1728 sanctorum
422 1649 470 1750 ”).

746 1754 904 1852 Philipp.
920 1751 1147 1828 Melanthea·

1563 1801 1909 1899 Testimonium.

354 2035 367 2043 .
1317 1979 1338 2042 †
1356 1975 1393 2029 Ex
1414 1991 1466 2043 apo
1485 1968 1568 2043 rapho
1581 1971 1610 2024 in
1623 1968 1871 2028 carentonam.
1885 1966 1937 2021 No.
1951 1965 2011 2021 Vll.
2030 1973 2059 2035 p.
2074 1962 2134 2023 124.
2150 1959 2249 2018 etalio

678 2068 685 2080 ·
927 2030 954 2087 'i
1354 1990 1509 2115 apographo
1527 2041 1555 2093 iu
1568 2040 1630 2095 cod·
1648 2039 1813 2095 Monac-llll.
1830 2038 1884 2093 No.
1897 2035 1945 2090 tv·
1964 2055 1992 2107 p.
2002 2035 2046 2091 6⁵.

204 2095 273 2169 No·
288 2094 401 2172 35921
930 2139 941 2177 d,
1073 2112 1106 2173 1.
1120 2103 1201 2169 Novo

212 2192 385 2222 DN

1065 2199 1199 2230 Μ
1483 2195 1751 2270 Testimonium
1778 2192 2008 2292 Tonneri¹).

543 2296 871 2383 mummium·
1252 2333 1337 2425 Etsi
1360 2351 1397 2420 in
1418 2346 1485 2420 hac
1505 2349 1647 2418 mortali
1671 2347 1742 2417 vita
1762 2344 1900 2434 generis
1915 2340 2064 2414 humani
2078 2327 2251 2431 imperio·

276 2455 350 2522 t&
366 2453 521 2528 apographo
534 2454 562 2508 ⁵¹¹
575 2454 638 2511 ωδ·
651 2455 765 2515 Mense.
775 2456 823 2528 ὃὸ·
842 2455 894 2511 ΝΟ·
911 2453 960 2511 ¹V·
976 2471 1005 2526 Ρ·
1018 2453 1081 2510 ³⁴⁸·
1252 2479 1333 2526 rum
1362 2454 1488 2524 ruinae
1513 2452 1646 2520 multae
1678 2462 1712 2519 et
1738 2449 1856 2517 variae
1879 2445 2047 2517 omnihus
2072 2443 2251 2513 aetatibus

2023 2543 2035 2576 2

209 2607 297 2680 eea
332 2606 533 2700 renatae
565 2608 784 2701 elaeae
817 2588 1108 2698 aerternae
1130 2597 1204 2702 ”a
1253 2544 2251 2736 thiat?¹tttttt³tthth,sttsitisti?

209 2739 263 2830 Et
279 2754 472 2825 necessaria
490 2765 574 2824 sunt
590 2745 875 2831 vitaehumanae
892 2753 1008 2825 studia
1023 2752 1205 2824 doctrinae
1255 2760 1395 2832 clesiam
1418 2770 1532 2827 servat
1555 2756 1808 2825 celebraturam
1829 2752 1946 2843 ipsum
1964 2751 2003 2819 in
2020 2749 2120 2821 omni
2136 2762 2251 2818 aeter-
2276 2757 2279 2760 “

138 2893 146 2898 -
211 2863 255 2930 de
270 2853 366 2941 Deo,
396 2855 440 2925 de
458 2855 535 2924 iure
555 2868 589 2925 et
605 2856 745 2926 iusticia
762 2870 797 2926 et
811 2855 890 2926 aliis
903 2857 1009 2927 rebus
1023 2854 1146 2936 bonis,
1172 2868 1205 2924 et
1255 2864 1376 2933 nitate.
1424 2856 1587 2952 Cumque
1608 2852 1701 2925 hanc
1723 2878 1808 2925 voce
1824 2850 2013 2942 Evangelii
2034 2863 2069 2921 et
2087 2849 2251 2921 doctrina

199 2964 260 3031 ita
282 2972 364 3028 sum
387 2956 571 3041 salutaria,
597 2981 676 3026 cum
692 2971 838 3029 naturae
853 2958 1066 3028 discentium
1084 2957 1208 3027 mode·
1256 2962 1417 3055 colligat,
1441 2985 1516 3031 non
1539 2959 1625 3028 sinit
1643 2979 1788 3048 prorsus
1804 2955 1960 3045 extingui
1976 2954 2160 3023 literarum
2175 2965 2252 3023 stu-

211 3079 308 3134 ratae
331 3074 431 3139 sunl,
466 3073 498 3128 et
521 3054 718 3152 simplicem
736 3061 919 3145 veritatem
934 3073 1071 3154 amant,
1097 3072 1131 3129 el
1147 3083 1207 3127 οἳ·
1253 3067 1336 3150 ἀίει,
1365 3051 1600 3156 pietatemque
1616 3059 1738 3128 laudat
1753 3081 1896 3141 eorum,
1927 3056 1990 3149 qui
2006 3054 2129 3126 literas
2142 3067 2176 3124 ct
2193 3078 2252 3122 ar-

214 3166 298 3234 dine
313 3164 465 3247 discunt,
492 3173 559 3230 eta
573 3157 648 3230 Deo
666 3176 809 3232 aeterno
826 3156 928 3253 patre
940 3160 1079 3232 domini
1096 3160 1209 3229 nostri
1256 3181 1308 3239 tes
1321 3162 1498 3236 Ecclesiae
1519 3163 1623 3233 utiles
1645 3160 1806 3239 discunt,
1832 3171 1872 3227 ut
1894 3182 1958 3227 suo
1979 3157 2101 3227 labore
2115 3155 2252 3248 proles-

215 3256 244 3338 l·
260 3259 298 3336 C·
318 3263 571 3348 gubernamur·
620 3258 973 3353 C⁰mperi‚³1¹lemln
990 3254 1210 3332 hotFride-
1258 3262 1439 3361 sionem³)
1464 3264 1648 3336 doctrinae
1671 3261 1830 3332 coelestis
1851 3272 2028 3332 tueantur.
2081 3255 2134 3329 lta
2159 3255 2253 3327 Pau-

207 3365 290 3450 ¹rico
309 3354 507 3446 Schwartz,
540 3360 696 3451 Sigensi,
730 3364 884 3432 nativam
909 3387 981 3433 esse
1003 3350 1227 3455 gravitatem
1258 3373 1314 3442 lus
1341 3371 1439 3439 iubet
1460 3360 1690 3437 Timotheum
1712 3363 1889 3433 custodire
1908 3359 2086 3452 egregium
2110 3358 2253 3448 deposi.

216 3483 250 3539 et
267 3466 434 3535 eximium
452 3486 608 3533 amorem
623 3466 781 3545 veritatis
798 3479 833 3536 el
848 3464 1011 3550 iustiliae,
1035 3464 1119 3536 ilem
1135 3465 1211 3535 δίη·
1258 3488 1354 3558 tum‚
1379 3469 1542 3540 videlicet
1562 3480 1791 3548 monumenta
1814 3464 1997 3533 doctrinae
2019 3476 2053 3533 et
2076 3457 2254 3532 Ecclesiae

217 3570 374 3661 geilanem
399 3566 619 3656 diligentiam
642 3567 680 3636 in
699 3567 798 3636 omni
816 3566 946 3638 officio.
995 3564 1158 3661 Cumque
1174 3589 1210 3635 se
1259 3574 1482 3645 sententiam.
1511 3569 1685 3641 Voluntas
1700 3567 1810 3656 igitur
1824 3560 1981 3658 Georgii
1993 3558 2166 3633 Tanneri
2179 3562 2254 3631 val-

204 3669 531 3761 'adrerrpublicam
548 3685 747 3760 praeparet,
774 3669 839 3739 etsi
852 3669 1039 3761 praecipue
1055 3693 1092 3739 se
1108 3668 1210 3738 dedi·
1261 3681 1305 3747 de
1327 3675 1512 3767 probanda
1534 3684 1602 3754 est,
1627 3672 1721 3763 quod
1740 3668 1783 3738 iis
1798 3693 1834 3738 se
1849 3668 1976 3738 studiis
1990 3665 2177 3757 praecipue
2193 3667 2255 3734 de-
2306 3708 2326 3718 -

200 3775 274 3848 ⁴(lli
302 3771 483 3842 doctrinae
515 3767 874 3855 iurisconsultorum,
907 3784 1024 3841 lamen
1051 3768 1213 3841 adiunxit
1261 3780 1370 3864 didit,
1395 3800 1485 3871 quae
1508 3789 1543 3845 et
1557 3774 1627 3865 ipsi
1639 3771 1805 3864 privatim
1819 3771 1863 3839 ad
1884 3792 2003 3839 veram
2018 3764 2087 3838 Dei
2102 3766 2255 3857 agnitio.
2284 3806 2326 3823 ⁴

220 3878 324 3947 etiam
347 3875 501 3967 aliquam
524 3868 771 3966 philosophiae
792 3885 826 3942 et
843 3867 1075 3943 historiarum
1092 3872 1213 3962 cogni-
1261 3897 1343 3952 nem
1376 3894 1410 3950 et
1439 3877 1701 3947 invocationem
1731 3889 1767 3943 et
1788 3875 1833 3942 ad
1857 3873 2030 3961 regendos
2051 3892 2190 3951 mores,
2223 3878 2326 3940 etj

221 3979 374 4060 tionem,
399 4000 550 4068 quarum
565 3976 691 4060 sontes,
717 3997 859 4065 graecos
873 3980 907 4045 et
922 3973 1215 4065 latinosscripto-
1253 3983 1392 4053 ,deinde
1420 3981 1459 4051 in
1491 3998 1638 4048 munere
1666 3976 1812 4068 publico
1838 3977 2045 4067 prodessent
2067 3967 2326 4044 [thelesiae-⁴

220 4104 276 4150 res
291 4092 443 4162 veteres,
461 4076 564 4145 avide
580 4077 682 4166 legit,
705 4100 857 4169 vereque
873 4076 1025 4162 iudicat,
1047 4098 1215 4165 magnum
1261 4081 1311 4156 Et
1339 4075 1412 4183 [ut]
1442 4080 1577 4151 meiere
1607 4064 1813 4148 dexteritate
1846 4077 2029 4146 coelestem
2057 4074 2326 4146 doctrinam

222 4197 257 4252 et
279 4182 395 4271 legum
412 4192 446 4248 et
459 4176 551 4247 vitae
567 4178 688 4247 lumen
707 4203 779 4248 esse
796 4174 994 4252 historiam.
1046 4174 1217 4267 intelligit
1264 4187 1438 4276 explicare
1455 4196 1571 4276 posset
1591 4181 1760 4251 instruxit
1772 4203 1809 4250 se
1825 4179 2028 4268 cognitione
2040 4175 2326 4267 linguarumgr

222 4298 359 4363 autem,
384 4279 570 4373 praecipue
591 4281 773 4349 conditum
793 4304 865 4349 esse
881 4274 1216 4369 humanumgenus,
1263 4288 1414 4373 letinae,
1445 4302 1606 4376 graecae,
1640 4278 1842 4367 hebraicae,
1881 4295 1917 4352 ct
1945 4302 2068 4351 ornnes
2096 4273 2326 4370 philem-a-

118 4455 126 4463 ,
223 4385 322 4455 utin
345 4408 385 4453 eo
405 4380 536 4452 noticia
551 4377 619 4449 Dei
640 4383 773 4464 luceat,
798 4378 915 4452 Deum
935 4382 1096 4466 invocet,
1120 4405 1161 4451 ac
1176 4395 1218 4451 ut
1264 4385 1371 4484 phiae
1386 4401 1504 4482 partes
1514 4384 1741 4456 mediocriter
1755 4383 1893 4469 didicit,
1917 4383 2012 4476 quod
2027 4380 2170 4453 coiecit
2182 4373 2326 4452 avt-2

176 4475 180 4489 ⁸
224 4489 267 4558 ad
297 4509 459 4555 normam
479 4479 621 4552 divitiae
642 4483 773 4552 mentis
792 4496 864 4554 tota
888 4493 1010 4553 nostra
1033 4483 1106 4554 vita
1128 4507 1217 4553 con·
1263 4492 1364 4575 dius,
1389 4491 1492 4584 quia,
1517 4513 1598 4559 eum
1616 4499 1741 4557 natura
1757 4487 1804 4556 ad
1819 4484 1975 4557 musicen
1994 4482 2094 4577 quasi
2111 4483 2158 4555 ab
2174 4484 2321 4575 ipsias

216 4600 338 4678 gruel·
376 4584 461 4655 ldeo
477 4585 674 4655 doctrinam
690 4586 734 4655 de
748 4583 824 4654 Deo
841 4584 1040 4655 illustribut
1057 4584 1216 4656 testimo·
1265 4594 1377 4664 mosis
1397 4592 1514 4663 insitis
1527 4589 1723 4660 seminibus
1741 4588 1896 4673 feratur,
1929 4580 2159 4657 uolitantum
2176 4580 2326 4656 har-

224 4689 296 4758 niis
319 4688 357 4756 in
374 4684 529 4756 Ecclesia
551 4683 720 4757 catholica
736 4682 871 4756 Christi
893 4686 1218 4770 traditam-didicit,
1264 4695 1404 4765 menies
1425 4716 1572 4775 vocum,
1602 4692 1664 4760 sed
1689 4689 1794 4760 etiam
1811 4690 1850 4758 iu
1866 4688 2000 4781 reliqua
2017 4701 2144 4756 natarra
2159 4677 2326 4775 eueni

225 4804 259 4860 et
275 4786 499 4882 amplectitur
515 4812 724 4858 consensum
740 4782 932 4857 catholicae
945 4783 1123 4858 Ecclesiae
1140 4784 1218 4857 Dei.
1265 4798 1305 4866 in
1327 4797 1581 4866 elementorum
1599 4791 1706 4873 serie,
1732 4792 1771 4861 in
1789 4815 1907 4862 rerum
1924 4789 2144 4860 nascentium
2161 4789 2326 4860 utili-as

224 4892 384 4986 Primum
408 4889 516 4978 igliur
529 4887 644 4959 Deum
662 4913 803 4982 Preme
830 4904 872 4961 1¹1
886 4888 1092 4959 universum
1105 4889 1220 4964 curtl-
1265 4895 1418 4983 tatibus,
1449 4895 1603 4987 denique
1626 4893 1663 4960 in
1685 4888 1861 4962 humanae
1883 4892 2013 4961 mentis
2031 4891 2160 4960 ordine
2174 4911 2326 4962 con-2

226 4995 344 5062 culum
371 4991 462 5062 vilae
480 4990 596 5081 ipsius
618 4992 653 5060 tl
674 4990 788 5060 studia
811 4988 998 5079 gubernet·
1047 4987 1113 5074 El,
1138 5014 1218 5059 0⁰¹⁰
1268 5000 1474 5070 cinnitatem
1503 5010 1784 5089 concentumque
1809 5009 1844 5067 et
1864 4993 1967 5089 quasi
1990 4989 2200 5064 harmonias
2219 4993 2287 5063 li-

226 5095 440 5186 reipuhlicae
455 5095 639 5178 conducat,
663 5093 756 5162 hona
773 5091 916 5183 ingenia
930 5093 974 5162 ad
990 5091 1222 5197 guhepnatio-
1267 5149 1478 5168 ..-......

1302 5229 1333 5301 *)
1350 5229 1474 5302 Legitur:
1496 5231 1584 5300 ωἰὥ,
1606 5229 1681 5302 quod
1694 5231 1825 5287 mendum
1839 5240 1890 5292 cst.
1926 5230 2100 5304 Expectem
2114 5232 2269 5288 vacuatae

259 5330 286 5398 ')
304 5313 796 5404 Adscripsitaliamanusanu.1547.
831 5323 1222 5400 &antemuranum
1338 5300 1382 5357 Vel
1396 5295 1448 5352 ⁸⁸¹⁸
1463 5297 1540 5370 quid.

257 5415 306 5488 Η)
325 5416 440 5472 Videtur
453 5415 623 5497 Schwaraios
635 5413 708 5485 apud
726 5412 929 5468 consmilitones
942 5427 1098 5508 cognomen
1110 5408 1158 5495 llis
1177 5413 1222 5468 ani
1305 5386 1333 5440 ¹l
1347 5380 1416 5438 οῦδ·
1432 5383 1545 5437 ΜΘΝ·
1560 5381 1711 5482 ⁸³2⁸“ll‘ll
1726 5376 1883 5441 munli·

291 5483 443 5608 pernuntio}
458 5483 584 5567 hahutspe
596 5483 633 5537 oh
645 5485 792 5557 „nativam
802 5485 975 5553 gravantem
992 5517 1003 5552 ‚
1022 5497 1105 5554 qum
1116 5499 1155 5563 et⁸
1187 5500 1219 5536 e·
1304 5471 1333 5537 2)
1353 5468 1386 5524 c·
1398 5469 1510 5522 ΜΟΜ·
1524 5468 1567 5522 ⁸3·
1579 5477 1674 5521 ΜΛ·
1697 5552 1705 5566 ο

301 5554 405 5609 aermon
417 5552 463 5608 luc
474 5554 578 5608 tribuat.
771 5633 777 5638 .
1303 5553 1332 5623 8)
1350 5550 1383 5610 C.
1398 5551 1510 5608 Monac.
1524 5550 1567 5608 88.
1577 5567 1794 5620 pessumae.
1919 5592 1922 5599 ,
