4882 6426
191 352 267 431 sot

195 517 416 603 Venerando
440 518 536 607 viro,
562 515 763 590 eruditione
777 528 808 588 et
826 519 955 590 virtute
967 512 1187 617 praestanti,

192 625 244 699 D.
265 624 292 697 I
300 620 482 696 oddoni
513 617 782 719 Giganti¹),
816 617 957 693 docenti
979 618 1186 690 Ecclesiam

352 723 431 795 Dei
450 725 489 795 in
507 716 732 819 Freystudt,
760 722 879 794 amico
894 749 961 794 suo
974 719 1020 819 ²).

191 865 285 959 Non
299 894 438 953 tantum
451 875 479 969 ³)
496 874 680 971 Halcyone
698 879 793 947 dolet
809 878 935 946 amisso
954 875 1124 962 coniuge,
1149 884 1189 940 ut

193 983 378 1056 Theocriti
399 1004 503 1050 versu
517 994 617 1063 utar,
646 992 817 1072 quantum
837 1003 899 1068 ego
918 979 1022 1047 doleo
1037 975 1187 1044 extincta

192 1089 264 1156 filia
284 1081 417 1164 Anna,
444 1081 570 1153 Sabini
590 1082 757 1168 coniuge,
782 1105 871 1172 quae
896 1107 936 1149 ex
959 1075 1024 1148 hac
1049 1075 1189 1145 mortali

193 1192 267 1259 vita
283 1199 426 1257 evocata
439 1196 492 1254 est
506 1205 626 1252 mense
642 1181 848 1251 Februario.
901 1180 971 1250 Hic
985 1175 1076 1248 mihi
1093 1200 1188 1246 moe-

194 1315 255 1360 ror
269 1291 314 1360 ad
329 1288 418 1357 alios
434 1285 566 1354 accedit
581 1284 737 1368 dolores,
763 1307 851 1376 qnos
869 1283 1031 1374 publicae
1046 1278 1190 1349 calami·

194 1407 282 1463 tates
302 1384 412 1471 mihi,
436 1398 476 1455 ut
497 1385 618 1454 multis
641 1386 740 1469 aliis,
767 1385 931 1458 afferunt.
982 1381 1051 1453 Sed
1074 1379 1188 1449 Deum

194 1514 347 1571 oremus.
369 1503 410 1558 ut
423 1486 558 1576 mitiget
574 1500 607 1555 et
626 1487 784 1576 publicas
800 1500 835 1554 et
851 1488 1004 1577 privatas
1022 1483 1191 1565 miserias,

76 1613 87 1625 ’
194 1619 235 1664 ac
250 1595 289 1681 in
305 1593 356 1660 ira
371 1589 632 1658 misericordiae
647 1589 861 1671 recordetur,
887 1588 949 1681 qui
965 1587 1191 1659 nondeseret

193 1691 388 1767 Ecclesiam
419 1713 517 1759 stram
540 1702 717 1780 petentem
736 1691 782 1759 ab
808 1689 884 1780 ipso
908 1688 1067 1780 amplum
1091 1683 1192 1753 auxi-

194 1797 282 1866 lium
298 1794 391 1863 veris
405 1792 606 1880 gemitibus.

294 1892 493 1986 Epistulam
522 1887 614 1961 hanc
636 1891 718 1960 dedi
742 1886 827 1960 hnic
852 1888 1024 1980 Magistro
1049 1883 1194 1956 Ioanni

120 2007 125 2017 '
194 1991 409 2068 Schlossero
421 1990 471 2090 ⁴),
508 2017 614 2087 quem
640 1989 758 2062 isthuc
780 1994 938 2062 misimus
961 1992 1192 2073 audiendum,

193 2113 235 2170 ut
257 2111 375 2191 postea
400 2095 558 2166 statuatis
572 2097 616 2163 de
630 2119 682 2168 eo.
733 2093 902 2163 Libenter
920 2094 1012 2183 apud
1028 2106 1061 2160 te
1082 2091 1193 2160 servi-

195 2216 249 2272 ret
265 2197 441 2271 Ecclesiae
459 2210 610 2281 vestrae,
642 2208 677 2264 et
692 2195 783 2275 scio,
814 2195 880 2266 tibi
900 2192 1192 2263 consuetudinem

195 2304 271 2375 eius
293 2301 484 2369 iucundam
506 2298 592 2369 fore.
642 2294 735 2366 Nam
752 2312 787 2367 et
799 2311 926 2366 natura
940 2297 1143 2363 moderatus
1158 2306 1192 2363 et

194 2402 354 2496 placidus
377 2412 447 2479 est,
481 2413 515 2469 et
537 2398 574 2466 in
599 2391 826 2489 philosophia
849 2410 883 2467 et
907 2397 945 2465 in
969 2398 1129 2466 doctrina
1148 2397 1192 2463 de

194 2505 270 2574 filio
285 2501 351 2573 Dei
368 2514 460 2571 recte
476 2500 637 2570 eruditus
650 2495 678 2595 ⁸)
694 2513 755 2572 est.
806 2497 946 2587 Quaeso
958 2493 1004 2590 ⁸),
1031 2512 1084 2583 ut,
1111 2520 1191 2566 eum

193 2605 350 2676 audieris
367 2617 399 2672 et
415 2601 620 2693 probaveris
635 2595 663 2696 ⁷)
680 2624 779 2683 eum,
804 2601 942 2671 civibus
957 2595 987 2696 ⁸)
1009 2600 1079 2670 tuis
1094 2625 1192 2668 com-

195 2709 351 2776 mendes.
391 2702 476 2774 Tibi
492 2725 633 2794 quoque
650 2726 730 2770 eum
747 2695 777 2796 ⁸)
794 2717 955 2771 amanter
971 2702 1192 2785 commendo,

193 2824 299 2902 teque
323 2830 407 2885 oro,
439 2816 479 2874 nt
501 2825 580 2874 eum
604 2803 846 2894 complectare.
911 2801 1124 2888 Pollicetur,
1154 2804 1197 2871 se

195 2908 421 2980 concordiam
435 2901 612 2975 Ecclesiae
635 2919 771 2975 vestrae
796 2905 895 2974 nulla
917 2905 956 2972 in
975 2929 1012 2973 re
1029 2905 1192 2975 turbatu-

195 3018 378 3083 ramesse.
428 3004 528 3078 Bene
550 3007 629 3076 vale
647 3005 758 3082 1547.
962 3001 1029 3079 Ph.
1054 3002 1140 3080 Mel.

198 3204 358 3218 ..ιιι-ο...-

205 3308 274 3387 Νο.
288 3311 403 3388 8861.

207 3408 420 3447 m

462 3462 649 3579 Georgio
676 3438 935 3553 Anholtino.

213 3636 218 3647 '
263 3635 288 3705 †
314 3632 351 3686 Er
371 3625 431 3704 apo‘
455 3629 525 3701 ephe
544 3628 573 3682 in
589 3629 653 3691 cod.
671 3628 790 3688 servas.
816 3649 844 3702 p.
867 3630 926 3688 199.
944 3630 1009 3686 mibi
1028 3629 1194 3704 descriptas

291 3701 405 3759 ¹Clariss.
439 3700 581 3753 eistens’sr'o.

1032 3313 1192 3430 Q.

198 3852 421 3954 Georgia,
448 3850 619 3955 Principi
632 3851 862 3960 Andoltino,
887 3852 1074 3955 Episcopo
1089 3854 1194 3930 Mer-

615 3956 765 4052 seburg.

197 4075 242 4165 S·
276 4090 322 4163 D.
380 4087 622 4160 Illustrissime
662 4104 698 4160 et
731 4089 997 4171 Reverendiss..
1014 4090 1194 4186 Princeps.

197 4191 375 4266 Describit
396 4191 492 4260 curis
513 4192 666 4282 publicis
689 4206 896 4284 occupatum
913 4192 1116 4286 Principem
1135 4223 1196 4268 ve-

199 4310 255 4368 tus
270 4306 370 4386 poeta
389 4293 571 4386 inquiens:

240 4408 418 4491 Multaque
440 4408 528 4471 dura
549 4426 609 4470 seo
629 4409 727 4470 triste·
746 4428 819 4471 oum
840 4408 941 4473 eorde
963 4408 1118 4494 putabet,

207 4514 414 4534 *on-e-

235 4579 263 4645 1)
278 4576 343 4642 ..lo
362 4573 460 4644 Gigas,
485 4570 689 4651 Northuspnus,
712 4570 816 4627 lleetor
831 4570 1104 4644 loaebimivallensis,
1132 4580 1197 4634 Ma-

267 4646 506 4698 rianaernontsnae
528 4639 658 4706 Misnrae,
682 4648 708 4692 et
732 4639 871 4694 Portensis
891 4641 1069 4705 scholarum.
1099 4645 1197 4702 Pastor

269 4708 610 4772 hotmannsdorttsmis,
622 4718 682 4761 tum
696 4707 909 4762 Fenusutteasis
924 4709 1056 4765 Poloniae
1076 4725 1103 4768 et
1118 4715 1197 4771 deni·

268 4778 524 4853 quesuidnieensis
536 4774 661 4849 silesiae,
678 4775 808 4845 †1581't.
826 4808 863 4825 -
896 4777 970 4834 liene
981 4779 1110 4837 Ballenst.

233 4871 262 4938 2)
282 4868 367 4921 laser.
379 4864 409 4916 in
419 4862 485 4917 md.
501 4861 585 4930 hang.

236 4953 265 5016 8)
285 4947 354 5005 cot.
368 4946 454 5014 Lang.
468 4945 573 4999 cotum

235 5039 265 5102 4)
284 5030 353 5089 cot.
369 5031 455 5098 Lang.
471 5027 630 5082 Sedossm.

236 5122 263 5187 5)
285 5116 423 5178 eruditus]
442 5110 506 5166 eod.
521 5109 778 5179 languescimus.

234 5207 263 5273 6)
283 5200 351 5258 cot.
366 5197 448 5251 Goth.
464 5196 523 5251 191.
539 5192 725 5263 Quaesumus.

236 5290 264 5357 7)
286 5285 354 5340 Cod.
368 5285 451 5350 Lang.
464 5279 613 5331 audieritis
627 5287 655 5330 et
664 5281 861 5344 probaveritis.

238 5373 265 5440 8)
284 5368 350 5424 cod.
365 5365 448 5431 harag.
462 5372 487 5412 et
501 5362 613 5442 ot'se'dust
636 5360 794 5441 codfiuth.
808 5365 868 5418 101.
888 5376 918 5420 tt!
932 5367 1051 5442 civibus,
1078 5376 1198 5432 obivem

274 5457 324 5510 pro
339 5451 401 5485 curn
416 5439 476 5481 ante
489 5432 614 5480 audieras
628 5428 740 5498 legeture
758 5451 830 5486 euin,

237 5525 264 5588 9)
282 5537 346 5573 eum
359 5517 457 5569 abesto
472 5509 533 5563 coit.
548 5507 631 5579 lang.

783 338 1222 425 EPlSTOLARUM
1272 343 1377 421 blB.
1410 343 1457 424 X.
1512 343 1646 419 1547.

2165 343 2245 420 508

1244 522 1338 613 quod
1353 543 1450 591 nune
1466 543 1607 613 quoque
1621 515 1711 592 Cels.
1730 515 1774 591 V.
1793 517 1946 588 ethonis
1964 516 2133 587 omnibus
2152 516 2244 586 acci-

1242 622 1305 692 dit.
1356 621 1425 691 Sed
1443 619 1519 691 Deo
1542 634 1577 691 et
1599 621 1854 709 rempublicam
1880 632 1913 689 et
1934 643 2000 688 nos
2014 623 2244 688 commende·

1243 747 1332 796 mus.
1384 721 1489 794 Nune
1511 737 1552 794 ut
1574 725 1619 792 ad
1636 719 1728 795 Cels.
1747 720 1789 796 V.
1812 723 2022 804 scriberem,
2051 722 2164 790 oravit
2184 745 2241 793 me

1241 825 1348 896 vidua
1363 820 1527 919 Hedwe'g
1543 821 1787 908 Stnmmerin,
1813 825 1870 894 cni
1886 823 1969 907 filii,
1994 811 2241 915 Christopdo-

1243 951 1305 996 rus
1331 935 1362 996 et
1379 924 1561 996 Henrieus
1577 923 1795 1010 Stournoi,
1821 928 1952 994 debent
1973 949 2130 994 annuam
2154 950 2241 1015 peu·

1242 1030 1389 1102 sionem.
1441 1027 1506 1100 Est
1528 1030 1635 1099 vidua
1657 1043 1692 1098 et
1709 1051 1878 1116 generum
1894 1022 2000 1097 habet
2016 1029 2109 1118 apud
2127 1020 2239 1119 vos')

1242 1133 1360 1201 virum
1384 1134 1526 1202 doctum
1551 1144 1586 1201 et
1609 1125 1816 1214 honestum,
1849 1142 1883 1198 et
1909 1129 2129 1216 indigetilla
2154 1153 2239 1223 pen·

1242 1236 1352 1305 sione.
1408 1231 1499 1304 Cum
1526 1247 1642 1304 autem
1671 1232 1736 1300 filii
1758 1231 1948 1300 difficulter
1969 1231 2130 1312 solvant,
2164 1245 2242 1301 orat

1242 1336 1391 1416 mulier,
1426 1349 1481 1419 ot,
1515 1361 1595 1405 cum
1619 1334 1690 1402 sint
1717 1332 1850 1402 subditi
1873 1330 1964 1405 Cels.
1986 1331 2030 1406 V.
2051 1334 2241 1404 auctoritas

1244 1452 1357 1507 vestra
1378 1437 1559 1528 proficiat,
1588 1449 1628 1508 ut
1644 1435 1793 1506 solvant.
1844 1432 2010 1526 Aequum
2026 1449 2060 1504 et
2074 1436 2175 1526 pium
2190 1449 2241 1504 est

1243 1541 1339 1632 quod
1362 1538 1448 1628 petit
1468 1539 1588 1610 vidua.
1638 1535 1723 1606 Ideo
1746 1531 1839 1604 hanc
1858 1558 1997 1605 eausam
2013 1533 2103 1608 Cels.
2123 1535 2166 1605 V.
2183 1561 2240 1605 re·

1242 1654 1407 1710 verenter
1420 1640 1639 1712 commendo.
1681 1636 1815 1707 Generi
1835 1661 1920 1706 usus
1935 1638 2001 1708 erit
2017 1639 2056 1705 iu
2068 1635 2240 1722 Ecclesia,

1243 1765 1326 1812 nam
1343 1742 1486 1831 ingenio
1502 1742 1597 1811 bono
1612 1741 1792 1832 praeditus
1809 1753 1860 1811 est
1875 1753 1908 1808 et
1923 1739 2117 1809 eruditione
2133 1762 2237 1830 prae·

1243 1845 1336 1913 clare
1360 1845 1552 1913 instructus
1578 1855 1612 1911 et
1636 1864 1751 1911 mores
1775 1855 1858 1911 sunt
1881 1835 2032 1913 honesti.
2088 1839 2239 1931 Propter

1245 1946 1360 2036 ipsum
1385 1946 1489 2014 etiam
1512 1944 1621 2034 magis
1645 1944 1787 2027 laboro,
1820 1955 1859 2012 ut
1882 1943 2010 2011 viduae
2032 1966 2136 2034 opem
2153 1944 2240 2011 ierat

1244 2045 1335 2120 Cels.
1352 2045 1396 2119 V.
1447 2044 1545 2117 Bene
1559 2061 1593 2116 et
1608 2045 1781 2114 foeliciter
1796 2045 1909 2113 valeat
1924 2042 2015 2118 Cels.
2025 2042 2069 2114 V.
2119 2041 2189 2114 Die
2204 2041 2239 2116 S.

1245 2147 1390 2236 Georgii
1408 2145 1517 2219 1547.
1530 2150 1568 2216 in
1581 2148 1712 2238 oppido
1728 2145 1899 2218 Servesta.

1256 2478 1323 2550 No.
1346 2478 1457 2552 5852.

1245 2577 1459 2614 Μ
1606 2667 1682 2754 At.
1710 2666 1878 2751 Alesia.

1313 2832 1352 2886 Ee
1369 2842 1441 2886 msto
1460 2831 1529 2886 edita
1547 2833 1575 2890 tn
1593 2833 1751 2953 hettottpet.
1766 2832 1930 2902 &suntuna
1945 2796 2079 2890 senatun
2094 2832 2146 2888 nob
2162 2847 2238 2889 neuen

1344 2902 1422 2971 theat·
1436 2902 1556 2972 doben,
1574 2903 1672 2971 Soles.
1688 2905 1701 2954 1
1720 2901 1762 2954 27.
1782 2917 1809 2969 p.
1823 2901 1881 2955 519.

1248 3061 1319 3156 Τῷ
1352 3054 1527 3155 ἅλησίῳ
1560 3051 1770 3155 φιλτάτῳ
1804 3053 1859 3126 ad
1888 3083 2024 3129 manses
2054 3061 2238 3159 propriae.

1244 3189 1291 3282 S.
1318 3205 1365 3283 D.
1416 3207 1611 3279 Incidimus
1634 3232 1715 3299 ergo
1738 3208 1777 3278 in
1800 3221 1937 3301 tempus
1957 3211 2071 3281 simile
2095 3213 2169 3299 illi,
2199 3217 2239 3286 de

1246 3337 1316 3407 quo
1341 3312 1463 3381 scribit
1482 3307 1620 3381 Esaias:
1663 3307 1793 3404 angeli
1808 3309 1914 3407 pacis
1942 3337 2069 3383 umore
2085 3313 2240 3412 flebunt.

1245 3411 1404 3486 Consilia
1427 3415 1604 3483 bonorum
1629 3424 1663 3480 et
1683 3413 1823 3503 piorum
1848 3428 1964 3504 spreta
1987 3429 2087 3502 sunt,
2114 3444 2239 3510 paran-

1246 3530 1306 3588 tur
1337 3527 1372 3584 et
1403 3538 1500 3585 arma
1527 3528 1567 3586 ut
1591 3513 1728 3608 Synodi
1755 3515 1893 3585 decreta
1916 3518 2058 3587 domitis
2078 3521 2240 3608 gentihus

1246 3617 1496 3709 imponantur,
1528 3628 1569 3687 ut
1591 3616 1692 3685 multi
1718 3616 1757 3685 in
1781 3617 1861 3686 aula
1883 3608 2020 3688 Caroli
2040 3617 2128 3712 lmp.
2150 3624 2240 3692 affir-

1246 3731 1357 3791 mant.
1408 3714 1543 3787 Exorsa
1565 3729 1616 3786 est
1636 3733 1753 3789 autem
1777 3721 1933 3812 synodus
1955 3723 2060 3790 telam
2075 3724 2120 3792 ad
2136 3726 2241 3796 stabi-

1245 3821 1384 3890 liendos
1406 3842 1558 3902 errores,
1591 3832 1625 3888 et
1648 3820 1716 3887 iam
1741 3821 1852 3889 edidit
1875 3823 1965 3890 duos
1987 3824 2174 3913 articulos,
2204 3826 2239 3894 in

1248 3923 1378 4017 quibus
1393 3922 1607 3989 damnantur
1624 3945 1724 3989 verae
1741 3923 1933 3992 sententiae
1950 3920 2147 4015 Evangelii.
2181 3927 2240 3999 Se-

1248 4036 1394 4119 quentes
1425 4022 1565 4090 articuli
1588 4024 1708 4113 quales
1731 4023 1840 4091 sntmi
1868 4025 1939 4095 siut
1961 4026 2045 4096 inde
2069 4029 2242 4100 aestimari

1249 4138 1372 4218 potest.
1423 4118 1500 4212 Ego
1536 4122 1644 4212 igitur
1678 4124 1763 4192 nolo
1791 4148 1861 4193 esse
1890 4120 2085 4222 σύμμαχος
2112 4155 2246 4226 eornm,

1248 4227 1309 4321 qrri
1331 4226 1466 4294 bellum
1485 4237 1634 4313 gerunt,
1667 4238 1706 4293 nt
1723 4227 1906 4295 veritatem
1925 4230 2146 4320 opprimant,
2171 4256 2242 4302 mo

1248 4351 1316 4422 que
1340 4326 1646 4396 consolationibus
1670 4327 1801 4395 divinis
1826 4342 1984 4400 sustento
2009 4344 2042 4401 et
2065 4335 2243 4419 continno,

1248 4452 1350 4520 saepe
1364 4423 1450 4496 mihi
1466 4427 1647 4496 inculcans
1660 4453 1780 4497 vocem
1796 4428 1949 4500 bliiDei:
1977 4457 2100 4504 onenes
2118 4431 2245 4533 capilli

1249 4526 1500 4627 caps'tisvestri
1514 4528 1697 4596 orememti
1707 4538 1804 4600 suot.
1830 4530 2027 4604 Meministi
2044 4560 2140 4607 meas
2156 4538 2242 4607 misl-

1248 4646 1302 4704 tas
1318 4631 1477 4724 querelas
1492 4632 1536 4700 de
1550 4631 1768 4720 neglectione
1784 4633 1941 4704 veritatis
1957 4648 1991 4704 et
2004 4633 2241 4709 Ecclesiarmn

1249 4734 1288 4802 in
1308 4727 1366 4802 his
1387 4732 1591 4820 regionibus
1614 4747 1759 4825 propter
1783 4760 1873 4826 quae
1896 4735 2022 4806 delicta
2045 4740 2243 4830 plectimur.

1250 4835 1321 4907 Sed
1347 4832 1462 4904 Deum
1490 4848 1674 4904 aeternum
1702 4847 1836 4926 patrem
1865 4838 2003 4907 domini
2029 4843 2144 4913 nostri
2168 4828 2246 4914 lesu¹

1250 4933 1386 5008 Christi
1405 4959 1563 5019 oremus,
1590 4949 1630 5005 ut
1652 4959 1783 5026 poenas
1805 4939 1956 5028 mitiget,
1985 4952 2020 5011 et
2042 4964 2162 5013 semen
2183 4940 2246 5013 altss

1252 5039 1346 5132 quod
1356 5050 1516 5106 sanctum
1529 5036 1632 5106 etiam
1645 5037 1683 5106 in
1693 5032 1748 5106 his
1762 5041 1968 5128 regionibus
1976 5057 2103 5130 servet,
2126 5059 2167 5116 nt
2176 5068 2250 5117 ser-

1253 5152 1416 5210 vaturum
1432 5151 1524 5208 certe
1540 5161 1613 5208 esse
1628 5163 1741 5231 spero.
1793 5138 1881 5211 Inde
1897 5166 2009 5237 usque
2025 5170 2045 5215 a
2061 5144 2252 5219 novembri

1252 5238 1369 5310 nullas
1384 5265 1404 5308 a
1417 5253 1455 5310 te
1470 5240 1590 5309 literas
1607 5242 1743 5334 accepi,
1768 5267 1848 5333 cum
1865 5244 2010 5338 quidem
2026 5248 2181 5320 mirarer
2197 5246 2257 5320 ni-

1252 5337 1305 5411 hil
1328 5355 1362 5412 te
1377 5344 1420 5410 ad
1437 5364 1491 5409 me
1507 5342 1677 5426 scribere,
1708 5368 1788 5414 cum
1806 5344 1925 5417 literas
1939 5346 2041 5418 facile
2059 5346 2256 5424 Witeber·

1285 5532 1315 5603 *)
1333 5537 1404 5589 Puto
1416 5550 1468 5607 nos
1477 5531 1610 5604 seriptum
1626 5532 1721 5593 tuine.
