4882 6426
275 381 351 453 471
793 474 795 478 ι
851 369 1291 449 aetsrosanuu
1348 371 1456 449 ors.
1494 373 1540 450 x.
1592 369 1729 451 1⁶47.

237 592 238 596 ¹
277 552 467 625 Doctorem
486 544 761 644 Augustinum,
787 549 850 618 sed
870 561 905 617 te
919 548 1026 616 velim
1044 540 1209 615 exhibere
1227 545 1273 612 li·
1325 543 1392 619 No.
1411 544 1524 621 3821.

279 670 389 738 teras,
415 666 451 724 et
467 653 505 721 in
522 653 721 747 myropolio
738 674 925 721 numerare
945 649 1143 739 pecuniam.
1196 640 1275 715 Sti·
1334 641 1504 670 *Ν

277 753 372 851 geiii
394 757 582 849 pecuniam
604 768 684 846 post
707 776 838 845 paucos
871 753 947 822 dies
973 747 1090 820 isthuc
1121 749 1279 821 afferam.

280 858 336 929 lbi
362 861 509 928 reddam
533 858 601 928 tibi
624 870 659 927 et
686 858 775 926 duos
805 849 1037 925 loachimicos
1060 853 1199 921 additos
1233 853 1277 918 ad

280 955 411 1030 Menii
433 960 641 1050 pecuniam,
682 958 818 1052 tibique
840 957 988 1047 gratiam
1010 952 1143 1039 habeo,
1182 954 1279 1045 quod

281 1055 622 1158 ἅναμφησβήτητος
637 1059 834 1155 quaestioni
848 1058 1055 1140 satisfecisti,
1077 1072 1181 1148 teque
1198 1051 1279 1146 phi-

282 1161 464 1257 losophice
482 1180 515 1235 et
530 1177 624 1233 recte
647 1164 768 1232 fecisse
783 1163 913 1234 iudico.
965 1159 1059 1230 Puer
1082 1155 1171 1226 mihi
1191 1158 1279 1224 scri-

281 1269 354 1353 bit,
379 1282 413 1336 te
431 1267 576 1358 insuper
594 1265 823 1355 spopondisse
841 1266 884 1331 de
899 1265 1039 1332 duobus
1056 1256 1280 1329 loachimicis

282 1394 348 1462 pro
374 1370 457 1442 alio,
509 1365 663 1437 Excusat
685 1367 794 1456 igitur
815 1360 885 1457 τὴν
910 1359 1131 1462 pavlvm,
1184 1358 1279 1428 Em.
1327 1324 1370 1413 S.
1397 1343 1443 1413 D.
1496 1343 1737 1416 Illustrissime
1762 1344 2121 1418 ctRevcrendissime
2143 1343 2325 1439 Princeps.

280 1465 449 1568 pusae*)
483 1472 656 1539 adventus
677 1468 787 1537 multa
811 1467 925 1536 tristia
948 1466 1152 1548 minitatur,
1190 1487 1280 1556 quae
1328 1445 1465 1517 Usitata
1483 1465 1565 1519 sunt
1585 1444 1778 1518 haecmala
1796 1449 1955 1517 civilium
1978 1448 2259 1534 discordiarum,
2284 1463 2328 1521 ut

282 1572 558 1644 Βοοοοοοοοοοο
575 1586 675 1661 pater
697 1569 963 1638 οοοοῑοῑῃοοῑο)
983 1566 1061 1637 103„
1078 1563 1163 1636 Chr,
1183 1567 1281 1633 miti„
1329 1547 1493 1619 authores
1529 1553 1793 1622 moderatorum
1827 1551 2060 1619 consiliorum
2098 1552 2244 1620 veniant
2286 1553 2327 1620 in

284 1689 351 1765 get,
403 1670 566 1743 Omnino
591 1673 830 1765 οοῃοοοῑοοο
848 1683 998 1760 oportet,
1048 1668 1280 1738 Nolimenim
1330 1654 1452 1721 odium
1473 1652 1615 1746 utrique
1640 1654 1749 1744 parti,
1779 1654 1850 1722 imo
1876 1666 1916 1722 ut
1942 1647 2170 1745 Thucydides
2192 1653 2325 1745 inquit,

284 1773 390 1847 isthic
407 1791 440 1846 [ο
459 1798 601 1845 manere
616 1769 928 1868 οοοοοχοομοόος
942 1777 1007 1864 οῆς
1024 1764 1171 1850 adiewc.
1329 1757 1374 1823 ab
1389 1756 1547 1847 utrisque
1570 1756 1817 1825 dilacerentur.
1847 1829 1850 1833 ,
1869 1753 1940 1823 Sed
1962 1757 2061 1823 decet
2084 1755 2177 1823 viros
2200 1778 2323 1844 graves

2245 371 2325 448 ste

2192 549 2325 668 Q.

1594 746 1777 862 Georgia
1800 747 2056 835 Anbultina

1395 942 1418 1014 †
1436 943 1474 995 Ex
1496 943 1649 1015 apographo
1670 943 1698 996 in
1712 943 1774 999 cod.
1788 941 1908 998 Servent.
1928 961 1954 1015 p.
1969 943 2027 996 196.
2043 940 2204 1009 descriptas
2219 943 2322 997 clariss.

1429 1011 1588 1067 Sintcnisio.

1435 1194 1440 1199 “
1499 1175 1677 1274 Georgi
1685 1204 1724 1267 o,
1750 1174 1921 1279 Principi
1940 1173 2153 1250 Anbaltino

386 1877 547 1948 Nanctus
561 1873 703 1946 Sabim·
716 1879 877 1946 nondum
893 1877 937 1944 ad
951 1899 1008 1942 me
1025 1874 1134 1957 redii,
1169 1886 1203 1941 et
1218 1895 1282 1939 cur
1330 1870 1364 1926 ct
1380 1857 1585 1948 praesertim
1602 1858 1789 1948 principes,
1812 1880 1885 1923 non
1901 1857 2018 1945 frangi
2032 1857 2177 1939 animis,
2201 1857 2325 1924 etiam-

286 1981 420 2051 otiosus
436 1983 576 2050 oberret
593 1980 723 2051 nescio.
774 1977 865 2047 Nam
889 1978 926 2044 in
943 1972 1181 2062 Tlruringiam
1201 1981 1281 2042 c‘um
1332 1959 1358 2025 Sl
1381 1960 1530 2027 consilia
1557 1983 1619 2027 sua
1644 1961 1767 2029 vident
1789 1958 1933 2048 despici.
1986 1957 2092 2027 Ferat
2107 1958 2218 2046 igitur
2233 1955 2328 2027 Cels.

285 2084 338 2152 ire
362 2078 454 2150 nihil
468 2106 557 2174 opus
575 2096 645 2164 est,
679 2105 759 2150 cum
775 2073 1016 2148 Camerarius
1038 2078 1076 2145 in
1096 2076 1282 2145 Franciam
1333 2058 1374 2132 V·
1404 2061 1569 2153 iniquum
1605 2061 1777 2130 iudicium
1809 2058 1966 2130 loannis
1999 2056 2118 2129 Stoici
2131 2053 2187 2155 ἡ1),
2228 2060 2329 2129 cuins

286 2185 463 2277 profectus
487 2186 553 2268 sit,
594 2196 627 2253 et
652 2206 747 2251 nunc
781 2182 881 2272 sequi
906 2205 987 2249 eum
1021 2175 1110 2246 mihi
1141 2179 1284 2245 viderur
1332 2165 1550 2232 consuetudo
1585 2179 1636 2233 est
1669 2188 1744 2233 non
1779 2176 1916 2232 tantum
1948 2160 2164 2232 Celsitudini
2188 2160 2233 2235 V.
2267 2164 2329 2230 sed

285 2284 453 2375 ἄκαιρον.
480 2284 627 2356 Caetera
645 2308 774 2355 coram.
801 2280 900 2351 Bene
917 2283 1005 2353 vale.
1032 2276 1153 2450 Didppl.
1167 2274 1283 2448 litim·

290 2384 400 2460 1547.

286 2724 352 2798 No.
369 2722 483 2797 3820.

293 2819 465 2851 Μ

1157 2733 1190 2797 5.
1208 2725 1285 2809 ap..

629 2888 689 2979 A.
704 2882 943 2997 Sciturffiu

353 3056 374 3119 †
388 3052 426 3105 Ex
438 3049 599 3125 apographis
614 3049 642 3102 iu
655 3050 816 3122 cod.1.ang.
834 3070 861 3121 p.
872 3051 915 3104 17.
934 3058 961 3103 et
972 3049 1034 3105 cod.
1043 3047 1127 3107 Goth.
1138 3047 1196 3101 191.
1211 3065 1238 3116 p.
1247 3045 1289 3101 13.

287 3195 516 3276 Clarissimo
532 3204 629 3292 viro,
656 3202 859 3276 eruditione
878 3214 909 3275 et
927 3203 1056 3273 uirtute
1067 3199 1288 3299 praestanti,

286 3305 344 3380 D.
369 3306 640 3400 Augustino
668 3301 882 3408 Schurff,
915 3303 1077 3375 Ductori
1097 3300 1193 3373 artis
1214 3326 1288 3371 me-

403 3404 505 3477 dicae
522 3406 678 3491 eximio,
705 3407 825 3478 amico
839 3432 907 3478 suo
919 3407 1118 3504 praecipuo
1133 3403 1171 3497 ¹).

288 3535 502 3630 Clarissima
515 3555 775 3642 DomDoctor,
792 3571 826 3626 et
842 3558 952 3626 amice
968 3556 1156 3627 carissime.
1184 3552 1287 3622 Meae

288 3662 391 3732 uxori
408 3684 506 3728 nunc
525 3661 569 3728 ad
593 3662 729 3731 luctum
747 3672 969 3729 accesserunt
986 3657 1197 3727 atrocissimi
1221 3658 1285 3724 do-

1333 2265 1438 2332 etiam
1454 2265 1533 2332 aliis
1550 2265 1769 2336 maledicere.
1820 2261 1897 2354 Ego
1919 2265 2048 2334 multas
2073 2287 2219 2354 magnas
2244 2287 2328 2333 con-

1333 2367 1512 2451 tumelias,
1547 2367 1677 2459 quibus
1701 2393 1756 2435 me
1782 2368 1928 2452 adfecit,
1962 2382 1995 2437 et
2019 2367 2086 2436 tuli
2111 2379 2144 2435 et
2162 2366 2330 2434 dissimu-

1332 2468 1422 2553 lavi,
1447 2493 1525 2537 cum
1545 2470 1688 2561 quidem
1704 2471 1742 2538 in
1764 2471 1926 2539 doctrina
1942 2468 2138 2538 necessaria
2161 2468 2329 2537 absurdas

1334 2573 1502 2664 quasdam
1517 2572 1969 2662 opinionesmodestissime
1979 2573 2215 2654 emendarem,
2233 2571 2328 2662 quod

1335 2688 1480 2766 propter
1498 2674 1646 2762 gloriam
1665 2676 1740 2758 dei,
1766 2676 1949 2743 veritatem
1974 2689 2007 2744 et
2029 2671 2206 2743 Ecclesiae
2229 2672 2329 2741 utili-

1335 2790 1440 2846 tatem
1462 2776 1646 2848 faciebam.
1698 2775 1924 2866 Scripserunt
1944 2779 1988 2845 ad
2013 2801 2070 2844 me
2089 2774 2191 2843 amici
2209 2798 2249 2842 ex
2265 2797 2329 2864 op-

1335 2879 1419 2969 pido
1435 2891 1577 2962 nostro,
1603 2878 1785 2970 epistolam
1807 2879 1906 2947 illam
1931 2877 2043 2948 Stoici
2065 2877 2178 2945 nostri
2200 2875 2328 2945 editam

1336 3005 1408 3048 esse
1439 2978 1645 3063 Erfordiae,
1689 2994 1722 3049 ct
1753 2981 1956 3070 gravissime
1986 2993 2201 3072 queruntur,
2243 2978 2329 3048 tales

1336 3083 1509 3152 editiones
1525 3077 1608 3152 huic
1629 3086 1780 3173 tempori
1803 3084 1952 3152 minime
1976 3083 2084 3152 utiles
2107 3083 2246 3172 placere
2267 3078 2330 3147 tali

1335 3185 1434 3263 viro,
1461 3184 1611 3276 quinon
1628 3187 1817 3254 accendere
1834 3186 1934 3267 odia,
1964 3187 2025 3254 scd
2041 3186 2221 3253 bonorum
2245 3204 2330 3250 con-

1336 3286 1553 3356 iunctionem
1580 3287 1674 3354 tueri
1697 3288 1857 3355 debebat.
1918 3285 2016 3373 Quid
2046 3280 2136 3353 mibi
2167 3285 2331 3353 videatur

1336 3389 1458 3478 scripsi
1483 3389 1528 3456 ad
1549 3385 1729 3456 illustriss.
1752 3387 1973 3478 Principem,
2007 3389 2151 3457 fratrem
2168 3383 2260 3459 Cels.
2275 3383 2331 3469 V.,

1268 3506 1271 3511 '
1334 3489 1535 3579 Principem
1551 3483 1793 3564 Ioucleimum.
1846 3490 1973 3560 Totam
1998 3514 2071 3557 rem
2100 3488 2242 3556 silentio
2266 3488 2330 3556 ob-

1335 3593 1392 3659 rui
1415 3616 1436 3659 a
1461 3590 1551 3660 Cels.
1570 3591 1612 3663 V.
1638 3593 1809 3684 optarim,
1837 3593 1940 3684 quia,
1965 3592 2101 3661 etiamsi
2125 3586 2217 3658 Cels.
2227 3587 2271 3662 V.
2287 3590 2330 3657 ad

1333 3690 1533 3762 Electorem
1550 3693 1730 3779 scriberet,
1758 3695 1881 3764 literae
1897 3696 1939 3762 ad
1956 3695 2060 3763 istum
2073 3691 2232 3762 Stoicum
2246 3692 2330 3761 mit-

172 4199 180 4210 ·
287 4195 353 4241 nec
367 4169 534 4261 procedat
554 4170 727 4254 calculus3
761 4170 819 4237 sed
838 4168 987 4236 novistis
1001 4165 1030 4262 ³)
1046 4189 1151 4258 quam
1168 4164 1286 4231 defor-

288 3765 381 3834 lores
396 3787 437 3830 ex
457 3763 605 3835 calculo.
658 3761 791 3832 Sumus
804 3762 860 3830 usi
874 3763 1002 3831 balneo
1017 3785 1128 3851 aquae
1151 3759 1285 3826 calidae

288 3890 369 3936 cum
388 3864 555 3933 stramine
578 3889 718 3937 avenae.
772 3862 1012 3953 Imposuimus
1037 3875 1070 3930 et
1087 3859 1286 3929 camomilla

287 3968 366 4038 loco
386 3965 540 4049 doloris,
566 3969 627 4035 scd
644 3968 807 4035 nondum
822 3966 1030 4053 mitigantur
1046 3962 1187 4031 dolores
1207 3974 1240 4029 et
1257 3955 1286 4054 ²)

289 4068 477 4140 cruciatus.
511 4066 591 4136 Scio
608 4082 771 4158 oportere
788 4091 923 4135 moram
941 4068 1096 4158 aliquam
1116 4058 1200 4145 esse,
1221 4064 1286 4129 do-

1335 3810 1503 3867 tarentur.
1556 3793 1644 3864 Inde
1660 3821 1752 3864 nova
1769 3796 1950 3864 contentio
1975 3796 2139 3864 oriretur.
2190 3790 2331 3864 Deinde

1335 3898 1545 3966 adveniente
1564 3898 1633 3964 iam
1652 3896 1869 3989 Imperatore
1888 3899 1993 3987 longe
2018 3896 2216 3964 maioribus
2237 3896 2334 3967 curis

1335 4000 1495 4068 omnium
1514 3999 1650 4077 animos
1667 4012 1854 4090 occupatos
1872 4023 1945 4068 esse
1963 3998 2133 4069 credibile
2146 4011 2211 4080 cst,
2224 4022 2335 4091 quam

1334 4114 1375 4170 ut
1391 4101 1503 4169 velint
1517 4102 1693 4190 applicare
1707 4103 1867 4169 animum
1886 4104 1930 4169 ad
1948 4102 2083 4169 leviora
2109 4100 2276 4188 negotia,
2306 4100 2351 4168 si

1334 4216 1514 4272 tantorum
1538 4203 1778 4292 periculorum
1810 4204 1939 4272 molem
1971 4203 2207 4273 considerant.
2276 4196 2402 4271 Ad..-

287 4273 393 4343 miter
412 4295 502 4340 uxor
527 4295 605 4340 mea
629 4272 721 4341 ferat
743 4265 808 4339 hos
831 4271 1026 4351 cruciatus,
1067 4281 1101 4336 et
1125 4265 1285 4334 fortassis
1334 4302 1535 4392 principem
1568 4299 1855 4402 Wlsgangum
1888 4305 1995 4373 scribi
2025 4317 2158 4395 potest,
2197 4317 2238 4373 m
2272 4318 2419 4395 pet:

288 4389 338 4493 ¹i³
357 4398 477 4492 ”lagm
501 4387 602 4491 sunt,
635 4366 1286 4492 11111011ειῑῖθρῖθὴθῃ(1““ὼ“ωρᾶ“
1333 4407 1553 4475 occasionem
1573 4402 1729 4475 Electori
1745 4422 1881 4492 narret,
1908 4407 2039 4476 editam
2059 4405 2299 4497 esseepistola

289 4489 422 4548 t1enua.
476 4474 563 4545 M1s1
580 4490 696 4545 autem
715 4470 831 4544 rsthuc
844 4470 941 4543 bunc
956 4472 1223 4554 adolescentem,
1247 4495 1286 4538 ac
1334 4509 1644 4592 contumeliosam,
1667 4511 1727 4577 sed
1745 4510 1813 4600 ipsi
1831 4522 2045 4600 perspectam
2064 4531 2137 4577 esse
2160 4507 2299 4600 optima

288 4601 352 4648 vos
367 4602 451 4660 oro,
477 4579 582 4647 utvel
595 4580 713 4660 oleum
729 4578 965 4666 scorpiacum,
986 4575 1042 4644 vel
1060 4575 1285 4643 aliudvestro
1333 4612 1553 4679 voluntalem
1582 4608 1880 4701 erga‚Ecelesiam
1914 4624 1947 4679 el
1978 4607 2190 4684 Hectorem·
2251 4608 2386 4680 No1⁷
2419 4634 2441 4667 ι

289 4680 423 4751 iudicio
439 4680 588 4748 miserae
605 4680 746 4751 mulieri
762 4678 945 4751 ordinetis.
995 4675 1069 4747 Ubi
1085 4673 1114 4770 ⁴)
1138 4676 1285 4743 liberata
1334 4713 1437 4781 valde
1451 4735 1622 4803 repugno,
1648 4701 1719 4805 qud
1737 4713 1856 4783 minus
1872 4715 1996 4783 edatur
2013 4712 2159 4804 epistola
2172 4708 2269 4784 Cels·
2280 4710 2345 4784 v.

288 4782 395 4853 fuerit
410 4806 500 4850 uxor
517 4806 592 4850 mea
607 4777 662 4851 his
680 4781 913 4864 cruciatibus,
939 4779 1079 4846 veniam
1097 4780 1140 4847 ad
1156 4799 1230 4857 vos,
1253 4788 1286 4842 et
1335 4817 1527 4884 sedmmen
1553 4816 1672 4884 iudico
1717 4815 1844 4885 melius
1870 4839 1943 4884 esse
1995 4828 2104 4885 totam
2127 4838 2205 4883 rem
2227 4811 2438 4884 dissi-ia

288 4909 407 4955 coram
423 4907 523 4974 agam
540 4883 680 4973 gratias.
730 4882 828 4952 Bene
846 4896 880 4952 et
891 4881 1064 4952 foeliciter
1078 4880 1166 4950 vale.
1218 4877 1286 4946 Die
1680 4869 1691 4899 '
1952 4870 1962 4900 ’

288 4986 325 5062 5.
344 4982 482 5079 Aprilis
505 4982 614 5060 1547.
1066 5014 1069 5022 «
1091 4976 1157 5049 Ph.
1180 4978 1233 5051 M.
1340 5026 1566 5037 ..-..-

1367 5161 1398 5230 *)
1419 5163 1457 5213 lo.
1475 5155 1637 5229 Agricolae,
1661 5175 1741 5224 quem
1763 5166 1875 5224 propter
1896 5155 2121 5209 antinomismum
2139 5154 2265 5209 Stoicum
2287 5169 2408 5227 ans

1403 5229 1496 5301 pellat.
1531 5226 1700 5307 Deepistola
1717 5226 1860 5294 Agricolae
1876 5226 2068 5307 bocfltempore
2081 5224 2152 5277 edita
2164 5223 2242 5306 ‘nibil
2262 5235 2414 5278 novo

1403 5318 1490 5369 neque
1504 5294 1604 5365 aliqmd
1617 5296 1650 5347 de
1666 5314 1695 5345 ea
1716 5293 1794 5348 habet
1809 5296 1915 5347 Kortes
1934 5313 1963 5346 m
1982 5308 2037 5348 vua
2051 5294 2092 5347 lo.
2105 5292 2251 5363 Agricolae
2270 5287 2416 5362 (AIA

1402 5379 1461 5450 ton.
1478 5366 1553 5419 1817.
1568 5367 1612 5430 8.)
1651 5363 1851 5444 Caeterum-an
1871 5362 1938 5444 baec
1958 5363 2071 5445 epistola
2091 5381 2163 5416 anno
2184 5363 2279 5424 1547..
2303 5378 2334 5443 g

1402 5432 1733 5626 'eiiiifiiiiiieiioiiii
1747 5441 2404 5571 :ttttt..3⁸31atttttatftftttt‘tss⁶

1402 5594 1483 5629 rems
1508 5582 1629 5626 ustraret.

326 5249 355 5319 *)
375 5255 392 5306 i.
407 5272 430 5307 e.
444 5251 536 5307 Caroli
549 5251 734 5321 Imperatoris.

325 5338 352 5401 1)
370 5338 460 5391 laser.
476 5337 503 5389 in
520 5336 581 5390 cod.
595 5337 681 5403 Lang.

325 5423 355 5487 2)
373 5424 487 5474 dotores
500 5427 539 5486 ct]
554 5439 609 5473 non
625 5418 702 5472 babet
716 5417 778 5472 cod.
791 5416 872 5472 Goth.
883 5416 942 5472 191.

325 5505 354 5567 3)
374 5504 441 5561 Cod.
456 5504 539 5563 Goth.
555 5504 613 5566 191,
630 5504 742 5557 nour'sti.

325 5592 354 5659 4)
372 5590 441 5645 Cod.
455 5589 540 5661 Lang.
557 5590 597 5645 Si.
