4882 6436
299 313 370 397 155
708 351 711 355 -
896 247 1341 412 xrxsrooanuu
1387 304 1497 386 um.
1524 307 1570 388 x.
1621 303 1757 388 1⁵46.
2279 311 2356 390 156

301 505 453 588 potestas
469 482 633 561 Athenis.
666 483 767 558 ldem
781 483 895 557 sentio
910 486 953 555 de
966 480 1138 577 Pelopida
1153 494 1188 554 et
1200 476 1299 575 Epa·
1352 481 1529 570 recitatio,
1565 507 1655 578 quae
1674 483 1916 577 posteritatem
1934 484 1979 557 de
1992 486 2116 558 multis
2132 487 2239 557 rebus
2254 511 2353 557 com-

303 595 495 673 minonda,
528 592 591 685 qui
611 590 806 683 Spartanos
829 586 1076 684 Tyrannidem
1100 598 1300 657 exercentes
1352 586 1573 657 monesacere
1594 602 1727 678 posset,
1751 585 1891 657 Deinde
1915 602 1949 659 et
1971 589 2166 659 calumnias
2181 590 2353 661 refutaret

303 721 344 767 ex
362 691 498 764 Thebis
521 695 708 766 eiecerunt.
760 693 855 760 lclem
878 687 1056 760 de-Dione
1078 688 1212 772 sentio,
1237 686 1301 780 qui
1354 712 1498 773 eorum,
1521 688 1584 782 qui
1606 691 1664 758 vel
1685 690 1870 761 incitatum
1894 715 1913 760 a
1935 691 2157 783 principibus
2178 691 2266 761 viris
2290 705 2354 762 aut

304 797 519 891 Dionysium
534 794 717 890 Syracusis
740 791 885 884 expulit.
936 787 990 862 Ac
1008 791 1138 861 multae
1154 811 1302 879 magnae
1354 788 1452 874 aliis,
1477 790 2021 884 utlabefactaretEpiscoporum
2040 793 2266 883 dignitatem,
2293 793 2351 862 vel

304 899 519 969 mutationes
541 898 580 964 in
600 897 768 967 omnibus
790 894 950 987 imperiis
966 894 1187 974 acciderunt,
1214 913 1303 985 qua-
1354 893 1492 987 privata
1524 894 1641 985 ipsum
1669 895 1861 984 cupiditate
1891 895 2150 974 inflammatum
2173 895 2352 966 servitutis

219 1016 221 1022 ’
304 1025 387 1072 rum
403 1000 535 1068 multae
550 999 598 1069 ita
616 999 727 1069 factae
742 1010 847 1081 sunt,
870 1019 949 1066 cum
964 996 1034 1064 viri
1051 996 1159 1064 sortes
1173 993 1302 1062 iustam
1354 995 1571 1065 monasticae
1584 994 1726 1065 vincula
1744 997 1880 1088 rupisse
1894 997 2045 1086 lingunt.
2090 994 2352 1088 Haecprodes·

217 1176 222 1183 ,
306 1101 521 1173 defensionis
543 1124 683 1171 cansam
707 1094 929 1183 habuerunt,
955 1120 1134 1192 quaenon
1151 1106 1203 1166 est
1218 1117 1304 1164 con·
1356 1111 1409 1167 set
1430 1098 1474 1167 ab
1496 1097 1572 1188 ipso
1597 1098 1732 1186 integre
1754 1111 1789 1167 et
1810 1098 1949 1189 copiose
1972 1099 2125 1190 exposita
2148 1113 2181 1169 et
2197 1123 2352 1169 comme-

305 1204 520 1276 demnanda.
1356 1212 1491 1269 morata
1509 1222 1592 1272 esse.
1628 1194 1706 1268 Etsi
1720 1200 1815 1268 enim
1833 1201 1998 1270 malevoli
2016 1201 2159 1290 vulgare
2177 1201 2268 1271 illud
2284 1201 2350 1271 ob·

409 1302 517 1395 Quod
542 1327 627 1372 vero
644 1299 761 1371 David
785 1300 951 1371 toleravit
967 1300 1096 1370 multas
1112 1312 1146 1370 et
1160 1318 1304 1387 magnas
1356 1301 1483 1372 iectnri
1499 1314 1617 1385 erant,
1631 1295 1745 1380 αὐτὸς
1757 1296 1875 1372 αὑτὸν
1890 1297 2010 1387 αὐλεῖ,
2033 1316 2151 1372 tamen
2167 1302 2252 1372 etin
2272 1302 2350 1395 ipso

308 1407 459 1477 iniurias
483 1404 619 1489 Saulis,
644 1403 706 1496 qui
729 1404 913 1492 coniugem
930 1402 1006 1472 eius
1028 1400 1131 1472 alteri
1147 1401 1246 1470 dedit
1271 1410 1306 1468 et
1355 1417 1493 1474 tantum
1509 1403 1691 1492 gravitatis
1706 1403 1814 1471 fuisse
1830 1404 1977 1488 seimus,
2003 1416 2044 1473 ut
2060 1403 2193 1494 optima
2209 1404 2278 1474 tide
2295 1401 2352 1473 hi-

309 1511 424 1601 ipsum
442 1531 481 1575 ae
496 1519 658 1598 parentes
676 1504 752 1575 eius
768 1506 881 1596 patria
898 1503 1034 1596 expulit
1055 1516 1090 1573 et
1108 1503 1305 1572 sacerdotes
1356 1505 1503 1576 storiam
1527 1504 1737 1575 recitaturus
1757 1504 1877 1578 fuerit.
1929 1501 1977 1575 Et
1999 1506 2104 1575 multi
2124 1506 2212 1575 honi
2237 1518 2271 1574 et
2294 1529 2351 1575 sa-

308 1623 454 1703 propter
474 1609 591 1700 ipsum
613 1607 789 1678 interfecit
810 1621 846 1677 et
875 1627 1003 1695 magno
1034 1629 1116 1676 cnm
1150 1603 1304 1674 exercitu
1356 1607 1493 1700 pientes
1518 1605 1587 1674 viri
1611 1600 1727 1677 adhuc
1749 1605 1897 1692 vivunt,
1921 1607 2050 1700 quibus
2073 1631 2153 1677 cum
2169 1609 2274 1678 sciret
2297 1630 2353 1677 se-

252 1716 255 1723 '
308 1735 390 1782 eum
409 1723 612 1802 persecutus
632 1722 700 1794 est,
725 1722 766 1778 ut
783 1708 891 1778 vitam
919 1708 951 1777 ei
970 1707 1134 1798 eriperet;
1160 1728 1304 1797 prorsus
1356 1709 1445 1778 riem
1462 1703 1589 1778 harum
1606 1731 1725 1778 rerum
1740 1721 1862 1777 notam
1879 1730 1970 1794 esse,
2001 1708 2124 1781 fuisset
2147 1709 2353 1794 ridiculum,

308 1814 463 1894 affirme,
488 1809 661 1899 Davidem
684 1811 776 1881 inste
794 1810 949 1901 potuisse
967 1810 1109 1880 Saulem
1133 1807 1308 1878 interfice-
1357 1811 1462 1880 aliam
1480 1806 1677 1894 historiam,
1690 1822 1729 1879 ut
1744 1811 1783 1880 lit
1797 1811 1979 1881 interdum
1993 1809 2032 1877 in
2048 1811 2239 1901 poiimatis,
2254 1835 2353 1881 com-

295 1939 365 2002 ·re,
386 1914 447 1982 sed
468 1913 548 1982 ideo
571 1914 782 2004 pepercisse,
808 1912 931 1981 necin
955 1910 1088 2003 populo
1110 1907 1178 1979 Dei
1203 1921 1306 1978 autor
1357 1910 1510 1984 minisci.
1561 1909 1632 1982 Sed
1647 1910 1730 2005 quia
1747 1911 1939 1982 editionem
1960 1905 2069 1982 huius
2086 1913 2279 1983 voluminis
2299 1913 2353 1983 fa-

311 2031 400 2086 esset
428 2014 578 2105 exempli
604 2014 931 2084 interficiendorum
955 2035 1098 2102 regum,
1124 2012 1221 2104 quod
1244 2008 1306 2078 alii
1357 2014 1437 2085 talis
1452 2012 1562 2104 ipsius
1580 2013 1656 2083 dies
1670 2014 1875 2098 antevertit,
1894 2035 1961 2083 nos
1977 2013 2103 2083 iisdem
2120 2015 2164 2083 de
2178 2016 2286 2084 rebus
2301 2038 2353 2099 ea,

310 2131 431 2210 postea
448 2139 510 2205 per
526 2116 757 2184 ambitionem
774 2112 946 2185 imitaturi
959 2114 1111 2186 fuerant.
1162 2110 1194 2181 E
1220 2134 1306 2181 con·
1357 2139 1447 2209 quae
1469 2115 1598 2206 partim
1619 2139 1660 2184 ex
1684 2115 1760 2206 ipso
1779 2115 1999 2200 audivimus,
2024 2114 2152 2207 partim
2175 2116 2244 2209 ipsi
2259 2115 2354 2186 vidi-

310 2235 366 2292 tra
390 2218 546 2308 populus
568 2217 657 2285 iuste
685 2216 820 2308 expulit
833 2210 1052 2285 Antiochum
1078 2227 1114 2284 et
1135 2213 1307 2304 expellere
1356 2240 1456 2298 mus,
1481 2218 1576 2286 hona
1592 2217 1661 2286 fide
1677 2217 1860 2287 recitaturi
1873 2240 2006 2291 sumus,

313 2320 457 2403 debuit,
491 2317 588 2388 idola
618 2319 688 2388 coli
709 2319 956 2397 mandantem,
986 2339 1199 2409 quamquam
1222 2328 1308 2384 tunc

314 2425 389 2493 eius
403 2421 529 2513 populi
544 2417 720 2489 Dominus
736 2433 820 2493 erat.
871 2417 914 2488 ld
930 2418 1025 2487 enim
1041 2441 1115 2487 non
1137 2429 1213 2486 erat
1233 2438 1309 2486 cer-

272 2604 277 2612 ,
315 2539 433 2596 tamen
463 2522 556 2608 inter
577 2522 666 2592 duas
697 2535 833 2592 tantum
855 2542 1042 2612 personas,
1081 2521 1142 2588 sed
1165 2520 1209 2587 de
1235 2528 1309 2588 tota

313 2626 428 2695 forma
443 2623 543 2692 illius
564 2623 780 2716 reipublicae
797 2624 839 2692 ad
855 2622 954 2693 cuius
968 2621 1210 2701 defensionem
1226 2618 1311 2689 ldo-

314 2727 454 2796 latriam
475 2726 663 2795 universus
685 2725 838 2816 populus
855 2738 889 2794 et
906 2723 1036 2812 singuli
1052 2723 1196 2812 obligati
1212 2732 1312 2790 erant

213 2912 215 2918 Ι
312 2831 391 2899 iure
413 2826 535 2895 divino
557 2826 653 2897 iuxta
668 2827 822 2916 primum
837 2838 1079 2917 praeceptum:
1103 2822 1186 2893 Non
1200 2816 1311 2892 habe-

1460 2362 1571 2436 Vetus
1592 2362 1727 2435 familia
1751 2376 1822 2449 est,
1855 2376 1890 2433 et
1911 2364 1982 2435 late
2005 2376 2194 2456 propagata
2215 2365 2356 2435 medio·

1358 2466 1471 2538 crium
1499 2462 1705 2550 hominum,
1731 2466 1941 2553 cognomine
1964 2457 2131 2546 Luther,
2156 2466 2195 2534 in
2218 2467 2356 2538 ditione

1359 2569 1574 2663 inclytorum
1598 2567 1769 2638 comitum
1793 2565 2124 2641 Mansieldensium.
2182 2566 2353 2639 Parentes

1357 2694 1444 2741 vero
1468 2665 1637 2738 Martini
1652 2660 1817 2738 Lutheri
1831 2669 1986 2760 primum
2001 2669 2040 2737 in
2056 2669 2188 2760 oppido
2204 2667 2357 2756 bleben,

1358 2772 1423 2844 ubi
1435 2769 1615 2843 Martinus
1629 2765 1809 2841 Lutherus
1829 2783 2017 2855 natusest,
2044 2770 2265 2840 domicilium
2289 2765 2357 2841 ha·

314 2931 466 3002 bisdeos
482 2929 633 3014 alienos3
656 2929 755 2998 item:
774 2926 962 2999 destruetis
975 2928 1071 2996 lucos
1087 2937 1122 2996 et
1138 2922 1310 2996 arasldo-
1359 2876 1527 2991 buerunt!
1585 2870 1726 2942 Demd‘
1747 2884 1948 2961 ”ngmunt
1975 2895 2016 2940 ¹¹¹
2036 2871 2357 2991 ⁰pp¹d¹¹m.M³¹¹³'

314 3033 328 3102 1
1359 2976 1441 3058 felt,
1464 2976 1529 3045 ubr
1542 2970 1648 3045 Pater
1661 2965 1855 3043 Iohannes
1872 2965 2063 3042 Lutherus
2085 2986 2119 3042 et
2133 2986 2359 3063 magistratus

331 3056 445 3106 mum·
1360 3077 1482 3168 gessit,
1506 3088 1542 3146 et
1563 3089 1709 3168 propter
1733 3075 1970 3166 integritatem
1991 3074 2158 3144 omnibus
2179 3076 2283 3145 bonis
2300 3076 2359 3144 vi-

1361 3179 1414 3249 ris‘
1434 3177 1634 3248 carissimus
1659 3177 1741 3247 fuit.
1800 3174 1844 3245 ln
1867 3193 1977 3248 matre
1997 3171 2246 3271 Margarita,
2270 3201 2359 3247 con-

1362 3280 1442 3372 iuge
1459 3273 1631 3360 lobannis
1644 3273 1816 3358 Lutheri,
1842 3301 1922 3347 cum
1947 3291 2101 3348 caeterae
2125 3280 2225 3348 erant
2242 3278 2359 3349 virtu·

385 3430 387 3435 -
574 3465 584 3469 ,
1364 3396 1418 3454 tes
1447 3375 1616 3451 honestae
1631 3392 1830 3471 ,matronae
1854 3380 2126 3466 convenientes,
2165 3392 2242 3449 tum
2271 3404 2358 3452 vero

316 3503 384 3577 No,
400 3499 515 3577 3478,
631 3542 636 3548 .
1188 3509 1220 3569 1,
1237 3495 1306 3562 lun.
1363 3481 1551 3576 praecipue
1570 3481 1755 3567 lucebant,
1780 3481 1973 3572 pudicicia,
1997 3481 2107 3551 timor
2130 3478 2219 3565 Dei,
2243 3494 2277 3553 et
2299 3482 2359 3551 in-

316 3599 528 3630 m
1144 3589 1314 3619 Μ
1365 3584 1525 3668 vocatio,
1544 3582 1853 3677 intuebanturque
1874 3583 1913 3651 in
1929 3605 2005 3652 eam
2021 3596 2176 3654 caeterae
2191 3578 2363 3655 honestae

692 3703 938 3818 Praefatio·
1230 3769 1235 3775 Ι
1364 3686 1551 3770 mulieres,
1582 3684 1683 3755 utin
1708 3685 1886 3777 exemplar
1908 3685 2093 3759 virtutum.
2151 3681 2249 3755 Haec
2270 3679 2361 3755 mihi

1315 3830 1324 3838 ·
1364 3786 1553 3880 aliquoties
1573 3786 1808 3876 interroganti
1827 3788 1872 3856 de
1892 3799 2071 3877 tempore,
2097 3809 2168 3879 qno
2184 3780 2279 3856 lilius
2293 3810 2361 3857 na·

388 3874 522 3931 Praelatio
537 3871 723 3929 Melanthonis
737 3871 765 3925 in
781 3870 929 3940 „Tomum
941 3871 1094 3926 secundum
1107 3869 1232 3926 omnium
1246 3889 1315 3942 ope-

420 3964 482 3998 rum
501 3941 654 3998 Reverendi
670 3942 785 3995 Domini
798 3940 908 3994 Martini
928 3939 1055 4013 Lutheri,
1073 3940 1204 3994 Dostoris
1216 3938 1315 3993 Theo·

821 3122 1013 3222 Philippus
1034 3121 1260 3199 Melanthon.

317 3351 1302 3387 ---—-—··-------r---·-·-·--⁴-

1366 3902 1423 3960 tus
1444 3902 1514 3973 est,
1542 3889 1744 3980 respoudit,
1770 3888 1865 3957 diem
1880 3901 1915 3957 et
1930 3882 2054 3957 horam
2071 3912 2106 3956 sc
2123 3900 2217 3956 certo
2232 3889 2362 3957 memi-

512 4012 531 4038 ii

416 4015 505 4084 togae
559 4022 627 4078 ete,
653 4011 707 4133 put
731 4009 834 4082 prodiit
861 4008 1069 4080 ,witebergaa
1092 4026 1141 4080 per
1165 4008 1313 4064 {omnnem
1364 3990 1476 4076 nisse,
1499 3991 1561 4059 scd
1583 3989 1629 4059 de
1650 4013 1745 4059 anno
1766 3979 1940 4062 dubitare.
1992 3985 2364 4077 Aclfirmabatautem,

393 4081 502 4139 Μ·
522 4080 625 4135 1546.”
666 4081 706 4133 ⁰¹·
722 4107 759 4118 ”
806 4077 913 4135 ΜΨ
938 4080 968 4133 ³¹¹
993 4077 1127 4136 M²¹³¹¹¹¹¹·
1152 4076 1314 4135 ⁰²⁰¹³¹¹¹²¹h
1365 4105 1488 4169 natum
1504 4114 1578 4170 csse
1599 4090 1659 4160 die
1676 4090 1812 4160 decimo
1824 4089 2053 4175 Novembris,
2079 4104 2181 4161 nocte
2201 4105 2282 4181 post
2295 4087 2363 4164 ho-

420 4149 634 4221 t.1v.p.546.
1366 4219 1442 4263 ram
1466 4192 1708 4271 undecimam,
1735 4186 1929 4262 ac'nomen
1953 4186 2129 4260 Martini
2149 4192 2363 4262 attributum

343 4295 545 4399 Philippus
568 4293 798 4377 Mdamhon
824 4293 911 4372 Pio
935 4293 1139 4374 Lectori.
1165 4299 1208 4374 S.
1233 4299 1289 4379 D,
1365 4295 1515 4379 infanti,
1541 4295 1636 4388 quod
1660 4294 1736 4364 dies
1759 4292 1961 4385 proximus,
1987 4318 2057 4387 quo
2081 4294 2198 4363 inians
2217 4317 2281 4386 per
2296 4296 2363 4366 ba-

1366 4396 1535 4489 ptismum
1550 4393 1727 4466 Ecclesiae
1742 4393 1807 4466 Dei
1824 4395 1977 4467 insertus
1992 4409 2060 4480 est,
2086 4394 2246 4465 Martino
2263 4395 2361 4466 dica-

1364 4512 1422 4569 tus
1444 4499 1576 4570 suisset.
1629 4495 1700 4569 Sed
1726 4498 1834 4567 irater
1857 4498 1932 4566 cius
1958 4492 2137 4580 Iacobus,
2168 4499 2224 4566 vir
2244 4492 2362 4567 hone-

315 4664 409 4713 'num
419 4641 619 4712 occasiones
634 4641 673 4710 in
686 4642 902 4733 praelatione
918 4637 1026 4711 huius
1042 4646 1151 4735 partis
1168 4670 1314 4717 suorum
1363 4611 1673 4771 ἰὲῖᾚῃιέἒῐξξζέ
1684 4599 2084 4785 ἀῗὲἐέἐΐῗᾞῐὶᾚέξ
2093 4600 2362 4772 ἒὲῃῗῗξὲἒιῑ

318 4755 633 4843 monumentorum
657 4756 882 4814 narraturum
904 4765 994 4829 esse,
1029 4743 1136 4835 Quod
1166 4748 1315 4836 lecisset,
1363 4797 1450 4875 Ch.
1487 4802 1533 4871 ,1
1537 4798 1560 4869 4
1590 4799 1613 4870 3

319 4846 391 4916 uisi
414 4845 621 4937 priusquam
643 4845 802 4914 officinae
824 4840 1095 4940 typographicae
1119 4844 1186 4919 hoc
1210 4852 1315 4922 volu·
1420 4816 1512 4875 ‘¹⁸²¹‘
1564 4803 1625 4874 δ’
1748 4848 1753 4855 ’

288 5042 293 5047 ¹
319 4972 403 5018 men
427 4948 675 5026 absolverunt,
716 4940 833 5017 Autor
853 4970 895 5015 ex
916 4943 982 5017 hac
1005 4951 1149 5033 mortali
1173 4948 1246 5023 v'ita
1268 4955 1313 5022 ad
1463 4950 1656 5046 Postquam
1678 4965 1772 5023 aetas
1790 4952 1973 5024 doctrinae
1990 4978 2097 5048 capax
2112 4955 2199 5037 fuit,
2224 4955 2361 5028 Paren-

319 5063 500 5121 aeternam
513 5046 583 5119 Dei
604 5060 640 5118 et
652 5043 831 5117 Ecclesiae
844 5047 1005 5119 coelestis
1022 5054 1313 5124 consuetudinem
1364 5069 1416 5128 tes
1430 5054 1544 5125 lilium
1552 5052 1751 5126 Martinum
1761 5057 1806 5126 ad
1822 5055 2041 5145 agnitionem
2059 5070 2093 5128 et
2109 5058 2272 5129 timorem
2281 5057 2363 5143 Dei,

321 5165 485 5222 evocatus
500 5162 600 5222 esset.
626 5146 737 5220 Utilis
751 5163 868 5221 autem
883 5162 973 5222 esset
985 5164 1020 5222 et
1033 5154 1190 5242 privatae
1203 5156 1315 5248 ipsius
1366 5170 1401 5228 et
1424 5158 1468 5226 ad
1492 5155 1642 5227 aliarum
1664 5158 1838 5229 virtutum
1860 5158 1976 5229 officia
1999 5159 2190 5231 domestica
2216 5160 2363 5234 institu-

319 5255 413 5324 vitae
427 5251 662 5322 consideratio
682 5250 881 5322 luculenter
902 5252 1051 5344 scripta,
1084 5253 1195 5326 Plena
1221 5257 1315 5327 enim
1367 5259 1464 5329 tione
1487 5258 1675 5347 diligenter
1697 5260 1983 5346 adsuefecerunt,
2015 5275 2049 5332 et
2070 5275 2111 5332 ut
2134 5276 2187 5333 cst
2209 5286 2363 5335 consue-

318 5355 387 5425 luit
404 5353 662 5444 exemplorum,
683 5375 773 5445 quae
790 5357 836 5424 ad
857 5355 1133 5426 confirmandam
1151 5359 1314 5450 pietatem
1367 5360 1455 5433 tudo
1470 5355 1702 5431 honestorum
1716 5356 1918 5446 hominum,
1934 5377 2169 5448 curaverunt,
2186 5377 2227 5434 ut
2241 5364 2365 5437 literas

317 5455 356 5525 in
374 5455 480 5528 honis
497 5454 676 5525 mentibus
698 5456 882 5547 prolutura
900 5454 1034 5543 essent,
1060 5472 1094 5530 et
1109 5460 1315 5533 ocasionnm
1367 5462 1534 5548 disceret,
1565 5462 1782 5557 gestavitque
1810 5464 1849 5532 in
1877 5463 2004 5535 ludum
2026 5465 2224 5536 literarium
2245 5462 2366 5538 adhuc

319 4420 433 4532 Spem
455 4439 560 4509 nobis
584 4438 713 4508 lecerat
729 4435 961 4510 Reverendus
976 4439 1032 4509 vir
1043 4437 1224 4512 Martinus
1240 4443 1316 4515 Lu·

319 4538 460 4627 therua,
486 4554 521 4610 et
544 4540 761 4610 curriculum
787 4564 824 4609 se
845 4541 937 4610 vitae
959 4564 1061 4628 suae,
1095 4557 1129 4614 et
1151 4542 1314 4616 certami-
