4882 6426
197 297 274 373 047

200 464 266 538 No.
284 461 396 536 4266.
487 482 493 492 ·
895 465 1018 546 (aaa
1036 465 1197 553 rodun.)

209 559 381 590 *νυ
880 565 1197 609 m

484 630 633 718 Ioach.
666 623 925 714 camerario.

208 832 212 837 -
271 796 358 868 Epist.
371 796 405 852 sd
418 793 560 858 Camerar.
569 813 601 872 pp.
616 792 713 864 598sq.
731 791 792 860 (ed.
805 791 894 850 Lond.
910 793 959 849 lib.
973 793 1023 850 tv,
1041 811 1083 865 ep.
1097 792 1180 861 788).

783 285 1227 365 EPISTOLARUM
1284 293 1478 373 ulnxt.
1530 296 1663 377 1648.

2175 311 2252 388 948

1247 468 1318 554 rei,
1344 465 1438 541 hanc
1464 495 1561 563 spem
1584 497 1659 543 non
1680 486 1838 562 tantum,
1864 490 1905 549 ut
1921 479 2071 568 dicitur,
2096 498 2250 581 utraque

1247 595 1376 658 manu,
1409 575 1471 642 sed
1494 587 1569 644 toto
1591 591 1732 667 pectore
1751 579 1907 650 retinere
1924 584 2104 660 debemus.
2163 586 2247 659 Scio

1247 687 1364 742 autem
1387 689 1421 744 te
1445 677 1626 746 verissime
1645 680 1760 748 odisse
1779 676 1993 771 Epicureos,
2020 711 2174 780 quorum
2188 691 2246 759 vi-

1247 776 1309 843 des
1334 777 1454 866 plenas
1472 777 1543 847 iarn
1562 802 1634 849 esse
1662 782 1777 851 curias
1792 797 1826 854 et
1844 784 1960 872 aulas,
1986 812 2076 881 quos
2092 802 2133 861 ut
2146 786 2245 861 Deus

695 947 702 966 ‚
877 950 885 968 .
1195 878 1411 971 ¹peonditor
1437 880 1574 969 generis
1605 877 1754 951 humani
1785 898 1819 955 et
1838 900 1945 976 -pater
1968 890 2109 959 domini
2129 893 2248 963 nostri

202 944 429 1041 Clarissimo
459 951 536 1022 ciro
565 948 766 1021 eruditione
791 960 823 1020 et
849 960 1303 1046 vertutcprmcstants21es

1305 1004 1328 1048 u
1351 975 1504 1064 Christi,
1535 983 1705 1072 reprimat
1728 999 1762 1055 et
1785 989 1927 1076 perdat,
1953 991 2084 1062 cotidie
2105 1016 2247 1084 precor.

207 1135 213 1142 ¹
280 1049 439 1126 Ioaclt.
473 1043 1124 1150 001001·Ρθόιίϊθὶΐῖθῑῑϊῐδὸἷηῖθ,
1222 1036 1343 1151 lBene
1369 1096 1404 1152 et
1427 1083 1578 1152 feliciter
1600 1085 1688 1157 vale.
1747 1084 1874 1159 Mense
1898 1090 2002 1161 lunio
2027 1093 2065 1161 in
2090 1095 2248 1164 coniun-

202 1184 248 1274 S.
271 1200 317 1275 D.
368 1199 508 1271 Dionis
531 1203 768 1290 fragmentum
791 1200 915 1285 mitto,
950 1202 1050 1270 cuius
1074 1156 1226 1309 lectio-l

1223 1319 1225 1348 t
1246 1285 1413 1354 accendet
1429 1285 1522 1358 bella
1538 1289 1581 1356 ad
1598 1282 1779 1363 Rhenum.

202 1329 288 1375 nem
307 1303 376 1374 tibi
398 1304 570 1394 voluptati
593 1304 668 1371 lore
690 1324 803 1392 spero.
854 1300 945 1371 Nam
968 1303 1006 1371 in
1022 1303 1199 1372 narratio-

204 1407 312 1475 nibus
340 1408 535 1496 prudenter
560 1404 659 1492 eligit
686 1425 743 1471 res
763 1402 987 1495 praecipuas,
1020 1417 1056 1474 et
1076 1404 1199 1476 miscet

204 1507 383 1578 orationes
410 1520 443 1578 et
475 1505 746 1574 deliberationes
770 1528 844 1572 non
866 1506 1010 1587 stultas,
1043 1519 1077 1576 et
1098 1506 1199 1574 addit

202 1631 434 1698 personarum
459 1607 654 1695 insignium
677 1605 929 1695 descriptiones
952 1630 1027 1703 non
1049 1607 1197 1695 ineptas.

203 1706 282 1779 Etsi
311 1721 429 1777 autem
450 1709 564 1776 nostri
589 1707 729 1775 dolores
753 1707 821 1773 alia
845 1709 997 1799 quadam
1021 1708 1197 1776 medicina

204 1810 385 1898 indigent,
411 1823 529 1879 tamen
549 1804 635 1876 haec
651 1800 851 1900 θελκτήρια
871 1832 944 1875 non
961 1821 1043 1878 sunt
1059 1810 1195 1897 ingrata
1221 1857 1223 1861 «

203 1911 266 1993 iis,
291 1934 444 2002 quorum
468 1922 600 1978 erectae
619 1921 702 1977 sunt
723 1920 857 1976 mentes
880 1903 945 1977 hac
967 1909 1087 1977 divina
1111 1934 1197 1979 con-

204 2013 394 2101 solatione,
422 2035 511 2103 quae
533 2032 672 2100 sperare
695 2009 795 2077 iubet
814 2032 1017 2078 mansuram
1041 2034 1113 2079 esse
1129 2009 1197 2081 Dei

202 2104 411 2185 Ecclesiam.
462 2110 602 2199 Quaeso
628 2121 746 2178 autem
766 2121 807 2176 ut
821 2110 913 2198 legas
930 2126 1087 2182 nostram
1105 2111 1197 2179 deli-

201 2213 441 2295 berationem,
466 2236 572 2304 quam
595 2223 713 2301 pastor
727 2207 904 2280 Ecclesiae
927 2226 1062 2281 vestrae
1083 2213 1195 2292 affert,

204 2328 238 2384 et
253 2315 347 2403 legas
361 2327 402 2382 ut
417 2314 523 2382 iudex
540 2326 574 2381 et
590 2334 730 2380 severus
753 2334 895 2396 censor,
922 2308 995 2410 ἐγώ
1014 2309 1089 2411 γὰρ
1112 2311 1196 2383 οὔτε

201 2406 468 2508 ἰδιοβουλεύειν
474 2464 486 2498 ,
521 2411 606 2483 οὔτε
626 2413 881 2505 καινοτομεῖν,
915 2412 999 2484 οὔτε
1020 2409 1103 2505 περὶ
1127 2411 1195 2484 οὐκ

201 2510 421 2613 ἀναγκαίων
433 2508 624 2606 μάχεσθαι
639 2509 750 2585 θέλω.
800 2511 874 2582 Nec
887 2527 1005 2583 tamen
1020 2515 1124 2584 abiici
1139 2538 1195 2583 res

201 2617 415 2687 necessarias
431 2616 555 2695 velim,
581 2639 646 2684 nec
661 2615 768 2683 velim
784 2617 921 2684 turbari
936 2616 1195 2686 invocationem

201 2732 341 2789 sanctae
356 2717 517 2807 coniugis
536 2731 616 2786 tuae
626 2729 663 2784 et
678 2716 850 2786 similium
865 2717 1008 2808 piorum
1024 2714 1196 2786 inEccle·

200 2821 262 2890 siis
284 2820 427 2893 nostris.
477 2814 556 2887 Etsi
581 2831 697 2888 autern
713 2818 864 2887 intanta
880 2819 1109 2909 dissipatione
1123 2815 1195 2889 Ec-

200 2921 406 3005 clesiarum,
433 2920 627 3010 optandum
650 2932 720 3004 est,
745 2932 786 2988 ut
807 2920 961 2989 remedia
987 2944 1067 2988 vera
1087 2944 1195 3013 quae-

198 3037 344 3104 rantur,
372 3036 487 3092 tamen
505 3016 589 3091 baec
606 3043 695 3114 quae
711 3035 962 3110 proponuntur
978 3022 1095 3112 qualia
1113 3021 1194 3106 sint,

70 3214 79 3221 ι
197 3124 314 3209 vides,
336 3122 470 3217 Estque
488 3122 671 3205 miranda,
693 3121 749 3190 vel
767 3117 1056 3212 reprehendenda
1074 3124 1193 3212 potius

198 3225 344 3296 audacia
366 3225 514 3294 istorum
537 3224 734 3314 sapientum
753 3216 810 3314 *),
846 3223 907 3315 qui
930 3226 974 3291 de
990 3224 1064 3295 reb.
1079 3225 1192 3292 maxi-

197 3325 285 3407 mis,
318 3348 405 3418 quas
427 3326 591 3414 ignorare
610 3347 647 3392 se
667 3323 802 3407 sciunt,
831 3323 923 3410 leges
945 3326 1096 3392 condere
1116 3325 1191 3392 ausi

198 3440 300 3512 sunt,
326 3439 360 3495 et
375 3425 518 3519 quidem
539 3425 578 3492 in
593 3421 749 3491 Ecclesia
766 3419 845 3495 Dei.
884 3419 1014 3503 ἱππεὺς
1027 3417 1193 3497 ἱππεύειν

199 3520 302 3621 ἐδάη,
330 3522 393 3598 καὶ
410 3520 535 3606 ἀοιδὸς
551 3518 698 3608 ἀείδειν,
721 3522 784 3592 sed
799 3524 854 3591 illi
869 3548 914 3592 ne
931 3519 1097 3597 ἱππεύειν
1110 3527 1192 3619 qui-

197 3630 298 3714 dem,
330 3629 426 3720 quod
453 3627 684 3718 profitentur,
714 3639 860 3709 norunt.
927 3623 1051 3695 Meum
1074 3628 1192 3697 consi·

196 3729 288 3799 lium
313 3754 355 3797 eo
382 3741 532 3819 spectat,
555 3751 601 3796 ne
627 3748 696 3819 qua
712 3725 773 3796 fiat
789 3726 939 3796 mutatio
953 3723 1191 3798 Ecclesiarum

196 3836 419 3914 nostrarum,
452 3828 659 3920 praesertim
689 3850 769 3896 cum
798 3851 854 3897 res
878 3829 1058 3915 ostendat,
1089 3825 1192 3915 hanc,

197 3948 286 4024 quae
308 3931 540 4023 proponitur,
564 3929 786 4000 turbatorem
809 3951 882 3998 esse
898 3930 1040 4020 piorum
1056 3945 1192 4001 mentes

196 4045 233 4102 et
247 4032 525 4116 invocationem,
559 4044 593 4101 et
609 4054 684 4100 non
701 4044 902 4100 sanaturam
916 4027 1094 4100 Ecclesiae
1109 4033 1191 4101 vul-

195 4156 293 4202 nera.
344 4131 457 4224 Spero
475 4145 592 4202 autem
605 4128 721 4200 Deum
738 4132 843 4201 nobis
859 4132 1052 4201 affuturum
1069 4154 1141 4203 esse
1156 4146 1190 4203 et

195 4232 345 4323 gemitus
365 4233 558 4303 multorum
572 4233 836 4316 exauditurum,
861 4233 927 4302 etsi
940 4233 1097 4321 profecto
1113 4257 1190 4302 ma-

195 4342 264 4426 g'ua
281 4349 364 4406 sunt
378 4358 454 4404 mea
470 4347 504 4404 et
518 4334 672 4405 aliorum
688 4346 849 4425 peccata,
879 4357 1031 4427 quorum
1058 4334 1190 4425 cogita-

196 4434 294 4506 tione
310 4431 531 4508 coborresco.

297 4535 404 4629 Quod
420 4536 574 4605 codicem
590 4533 780 4605 Paulinum
797 4530 886 4603 mibi
903 4536 1040 4621 misisti,
1061 4539 1190 4628 gratias

197 4660 273 4730 ago.
325 4636 425 4727 Quae
449 4632 541 4704 mihi
560 4637 718 4725 narravit
740 4631 924 4705 honestiss.
948 4638 1102 4708 coniunx
1117 4655 1189 4725 tua,

197 4737 356 4822 memini,
381 4761 421 4806 ac
436 4734 554 4806 Deum
571 4749 753 4806 aeternum
767 4749 901 4826 patrem
920 4739 1057 4807 domini
1074 4743 1188 4810 nostri

196 4837 277 4909 lesu
300 4835 436 4908 Christi
464 4838 684 4907 conditorem
698 4849 740 4931 ‚et
762 4835 1028 4908 Suttvarouum
1050 4842 1187 4928 generis

195 4936 346 5011 humani
370 4953 405 5010 et
425 4935 603 5009 Ecclesiae
629 4960 711 5007 suae
738 4960 821 5022 oro,
854 4951 950 5007 utet
970 4940 1038 5008 tibi
1061 4954 1095 5010 et
1116 4942 1187 5012 tuis

195 5041 297 5126 assit,
322 5042 362 5111 ac
376 5062 439 5110 vos
454 5051 604 5118 tueatur,
628 5051 669 5108 ut
681 5052 772 5109 certe
790 5062 892 5130 spero
908 5038 1053 5132 aliquod
1067 5065 1187 5112 semen

197 5157 356 5212 sanctum
380 5151 600 5211 servaturum
625 5162 707 5211 esse.
759 5138 800 5211 si
823 5163 898 5210 non
916 5161 1037 5213 sumus
1052 5139 1187 5236 Epicu·

192 5328 396 5351 Α-ὸ--ι-ιι

228 5439 259 5504 8)
278 5435 465 5492 Machicorum
485 5432 515 5487 C.
529 5429 588 5486 W.

1240 3456 1436 3525 multorum
1479 3457 1621 3547 piorum
1642 3454 1689 3549 ⁴),
1716 3462 1977 3538 invocationem
2016 3475 2176 3544 turbabit
2198 3473 2227 3567 ⁸)

1246 1182 1363 1251 ctione
1380 1181 1527 1253 Saturni
1547 1200 1582 1256 et
1596 1184 1724 1254 Martis
1744 1188 1783 1256 in
1801 1184 1939 1278 Ariete,
1972 1217 2063 1289 quae
2082 1195 2248 1267 fortassis

1904 1387 1999 1464 Phil.
2015 1391 2193 1468 Melantb.

1244 1777 1445 1905 Q.

2075 1805 2135 1864 21.
2152 1792 2225 1866 lun.

2062 1887 2240 1919 w

1446 1982 1704 2070 Mottbcaio.
1734 1987 2049 2099 (Matthaeol)

1316 2157 1340 2227 †
1357 2156 1422 2212 Era
1444 2160 1563 2230 ogsspbo
1577 2161 1604 2215 in
1619 2162 1682 2218 cod.
1696 2165 1808 2222 Monac.
1821 2165 1866 2220 66.
1883 2183 1912 2238 p.
1925 2168 1968 2224 80.
1985 2168 2086 2226 collato
2101 2185 2199 2244 apogr.
2212 2172 2243 2227 in

1349 2226 1413 2281 cod.
1461 2247 1540 2285 onec.
1555 2230 1598 2285 90.
1618 2231 1677 2286 Vll.
1697 2253 1725 2305 p.
1735 2233 1798 2290 298.

1392 2393 1659 2471 Matthesio
1675 2400 1701 2502 ¹)
1727 2397 1830 2482 Phil.
1855 2402 2094 2482 Mlanthon.

1246 2520 1468 2616 Cbarissime
1499 2547 1619 2622 frater.
1684 2547 1767 2622 Erit
1797 2554 1879 2625 viva
1915 2556 2061 2646 epistola
2101 2553 2243 2659 Wolf-

1243 2670 1394 2739 gangras
1410 2661 1546 2734 noster,
1578 2651 1640 2742 qui
1658 2653 1950 2726 deliberationem
1967 2672 2127 2730 nostram
2142 2659 2243 2734 exhi·

1245 2750 1344 2818 hebit
1377 2750 1421 2818 de
1455 2773 1549 2818 nova
1582 2749 1804 2825 nomothesia
1837 2753 2018 2848 Augustae
2049 2766 2244 2855 proposita.

1245 2849 1341 2933 Scis,
1366 2873 1513 2937 magnos
1535 2849 1736 2944 triumphos
1754 2880 1855 2947 agere
1870 2857 2035 2932 authores
2051 2864 2150 2934 illius
2163 2865 2244 2937 Au-

1245 2951 1386 3038 gustani
1411 2952 1516 3037 libri,
1555 2957 1657 3046 quasi
1683 2982 1789 3028 aurea
1816 2975 1909 3032 aetas
1934 2965 2170 3036 constituatur
2196 2969 2244 3038 iis

1244 3052 1381 3142 legibus
1392 3046 1434 3144 ²).
1486 3053 1557 3157 Sed
1575 3079 1655 3145 ego,
1682 3057 1793 3157 non³)
1811 3062 1918 3133 luisse
1932 3090 1988 3135 me
2005 3066 2139 3136 socium
2156 3071 2241 3142 illo-

1242 3177 1321 3222 rum
1339 3155 1588 3241 consiliorum,
1614 3161 1763 3247 gaudeo.
1813 3161 1922 3236 Liber
1935 3167 1994 3238 ille
2010 3162 2243 3258 Augustanus

1243 3278 1315 3322 non
1340 3257 1474 3324 sedabit
1492 3258 1702 3340 discordias,
1726 3265 1807 3343 sed,
1832 3280 1872 3335 ut
1888 3281 2025 3350 metuo,
2053 3270 2239 3342 classicum

1243 3356 1310 3424 crit
1336 3377 1545 3443 magnorum
1571 3372 1752 3442 motuum,
1788 3368 1885 3434 etin
1912 3366 2080 3441 Ecclesiis
2108 3377 2239 3444 nostris

1242 3552 1396 3626 Oremus
1412 3550 1442 3652 6)
1476 3572 1593 3628 autem
1626 3558 1761 3650 Deum,
1799 3581 1840 3637 ut
1871 3571 1975 3656 nobis
2008 3597 2112 3663 opem
2137 3577 2241 3650 ferat.

1240 3657 1411 3728 Nostrum
1425 3659 1594 3750 scriptum
1611 3666 1773 3734 nondum
1790 3693 1931 3760 sparges
1948 3669 1977 3768 ⁷)
2000 3671 2039 3741 in
2063 3667 2239 3768 populum

1240 3772 1322 3828 ante
1336 3756 1525 3852 Mysorum
1539 3778 1764 3842 conventum.
1816 3768 1913 3842 Bene
1930 3774 2008 3842 vale
2023 3790 2058 3847 et
2071 3779 2239 3855 rescribe.

1241 3862 1303 3937 21.
1320 3859 1416 3931 Iunii
1435 3858 1544 3936 1548.
1581 3954 1584 3959 Ι

1252 4193 1318 4270 Νο.
1332 4193 1448 4271 4268.

1245 4291 1458 4333 Μ

1966 4291 1970 4296 ‚
2076 4227 2139 4290 22.
2152 4214 2225 4283 Iun.

2009 4312 2012 4317 “
2063 4307 2239 4340 m

1502 4381 1643 4472 Mich.
1656 4386 1969 4504 Mcicndurgio'.

1338 4534 1424 4608 Epist.
1442 4535 1493 4591 lib.
1506 4537 1541 4596 V.
1558 4560 1586 4613 p.
1599 4543 1652 4598 642
1663 4564 1703 4618 sq.
2004 4576 2008 4582 ·

1248 4693 1468 4709 ῳ..-

1276 4796 1301 4857 1)
1320 4794 1351 4848 ln
1366 4798 1516 4857 maman.
1523 4804 1567 4860 86.
1582 4808 1798 4865 nonMattlsesio
1811 4810 1977 4883 inscribitur,
1990 4814 2055 4871 sed:
2074 4816 2237 4875 naimo.

1272 4878 1302 4947 2)
1322 4881 1353 4934 ld
1366 4881 1462 4938 dhisse
1475 4885 1562 4942 fertur
1576 4892 1693 4945 loannes
1707 4895 1845 4965 Agricola.

1270 4960 1298 5031 8)
1318 4964 1388 5044 (ξοδ.
1402 4965 1561 5039 Μοιι.,90,ι
1582 4962 1637 5027 {ed
1649 4993 1704 5042 ago
1716 4977 1780 5031 Deo
1791 4981 1919 5052 gratias,
1944 4991 1973 5035 et
1984 4998 2054 5038 non.
2097 4984 2178 5054 Quae
2193 4987 2236 5042 le-

1305 5042 1360 5113 ctio
1380 5033 1444 5088 inde
1465 5048 1524 5090 orta
1544 5042 1668 5112 estquod
1683 5044 1766 5114 legit,
1792 5047 1839 5117 qui
1853 5046 2010 5132 descripsit,
2033 5070 2090 5120 ogo
2105 5072 2159 5123 pro
2173 5073 2237 5126 ego,

1305 5109 1396 5171 itaque
1409 5103 1527 5158 addidit:
1548 5111 1663 5175 grats'as
1676 5111 1754 5177 Deo,
1772 5114 1848 5186 quod
1863 5127 1966 5187 potarat
1979 5120 2120 5178 excidisse.

1269 5181 1297 5251 4)
1317 5180 1421 5236 Verba:
1445 5188 1474 5240 s'n
1487 5187 1591 5245 Erotes.
1608 5218 1643 5235 ι-
1657 5196 1781 5266 piorum,
1800 5198 1865 5255 cod.
1879 5198 1960 5257 Mon.
1972 5202 2016 5267 90.
2033 5221 2091 5259 uon
2106 5205 2201 5264 babet.

1269 5264 1298 5332 5)
1318 5262 1481 5324 Cod.'Mon.
1495 5268 1536 5328 90.
1554 5277 1681 5334 mutabit.

1220 5383 1230 5406 .
1268 5346 1297 5416 8)
1316 5348 1386 5404 cod.
1398 5348 1477 5404 Mon.
1493 5353 1535 5408 90.
1552 5352 1717 5418 Precemur.

1268 5431 1298 5499 7)
1316 5434 1387 5489 Cod.
1403 5435 1479 5492 Mon.
1493 5437 1536 5494 90.
1552 5455 1683 5508 spargas.
