4882 6436
117 351 194 428 eu
624 362 631 374 “
701 308 1140 435 nersronanuu
1195 348 1306 422 mn
1339 349 1391 429 ιι,
1440 352 1572 428 rste.
1890 336 1901 349 ‘
2084 356 2163 434 eso

216 514 415 599 tnergmptum
432 513 563 586 C⁰te⁰¹³¹
579 513 908 600 doctri-rectricem&
927 514 1114 598 §Mel-⁸³³&
1165 521 1302 593 utinam
1318 521 1413 593 Deus
1432 525 1536 593 nobis
1555 526 1745 594 clementer
1760 529 1939 604 concedat.
1975 527 2068 600 Nam
2086 547 2159 603 tar-

217 584 439 710 parppbhoueca
463 582 579 640 ⁸⁶¹¹⁰¹²⁶
601 581 755 645 9⁰⁹²‘¹¹⁸¹'‘
808 586 988 657 ¹¹¹⁸“¹¹'‘¹⁰¹¹‘
1024 594 1115 640 autem
1164 623 1255 694 ditas
1268 640 1302 696 et
1317 627 1405 694 aliae
1422 627 1553 696 multae
1569 621 1755 721 ἁμαρτίας
1768 652 1911 712 eorum,
1938 632 2000 724 qui
2018 646 2101 704 sunt
2116 633 2157 704 in

207 810 216 829 ι
375 813 383 830 ⁰
506 810 513 827 ι
712 812 720 829 .
942 810 949 830 ι
1004 726 1009 739 ’
1162 726 1239 816 ripa
1255 723 1432 811 Danubii,
1457 752 1591 799 novum
1608 726 1648 798 ac
1664 730 1822 799 vicinum
1838 732 1972 801 bellum
1986 738 2156 804 accende-

141 805 379 920 Michaelt
410 807 765 906 Mettnburgto,
803 810 946 885 consult
972 807 1091 888 Nor!-
1160 841 1254 900 runt.
1291 827 1362 898 Sed
1379 853 1433 897 res
1454 831 1523 899 iarn
1539 831 1627 899 olim
1643 832 1690 899 ita
1708 832 1843 902 artibus
1859 835 2154 906 astutissimorum

536 905 697 1000 husan-0·
1159 922 1347 998 homiuum
1361 932 1530 1001 instructa
1546 945 1607 1004 est.
1643 930 1741 1018 Quid
1758 948 1897 1022 agatur,
1918 959 1992 1004 non
2009 936 2153 1007 difficile

1158 1043 1211 1100 est
1235 1031 1403 1105 iudicare.
1463 1030 1553 1103 Cum
1576 1032 1833 1106 animadvertet
1857 1038 2026 1122 Carolus,
2061 1045 2151 1110 duos

1157 1125 1223 1200 hos
1237 1130 1439 1224 Principes,
1463 1132 1663 1205 Electorem
1687 1149 1721 1204 et
1737 1131 1983 1207 Macedonem
2009 1139 2048 1208 in
2070 1141 2152 1232 qui-
2225 1219 2233 1228 ,

1156 1232 1307 1303 busdam
1335 1235 1518 1304 sententiis
1544 1236 1718 1306 firmiores
1749 1261 1840 1322 esse,
1872 1241 2051 1310 tollendos
2077 1265 2165 1311 esse.

1156 1335 1309 1415 censuit,
1331 1349 1371 1405 ut
1386 1353 1505 1429 postea
1521 1337 1802 1433 qualemcunque
1816 1335 2021 1439 διαλλαγὴν
2034 1343 2150 1418 faciat.

1156 1435 1289 1506 Filium
1315 1431 1384 1506 boc
1414 1453 1569 1528 tempore
1598 1439 1720 1508 malim
1745 1442 1840 1531 apud
1863 1454 1897 1512 te
1920 1466 2013 1528 esse,
2042 1468 2149 1537 qnam

1154 1538 1274 1626 vagari
1294 1561 1356 1628 per
1378 1564 1476 1609 oram
1493 1539 1680 1624 Franciae,
1711 1543 1775 1611 nbi
1794 1566 1920 1632 magna
1938 1545 2082 1623 saevitia
2098 1558 2161 1616 est,

1154 1624 1408 1710 Francicorum
1422 1639 1607 1735 Equitum.
1645 1639 1744 1711 Bene
1759 1642 1849 1717 vale.
1881 1642 1948 1713 Die
1965 1644 2082 1716 Lucae
2096 1641 2150 1743 *).

1668 1740 1862 1837 Philippus
1873 1742 2099 1824 Melantbon.

113 1047 162 1137 S·
188 1061 233 1136 D.
282 1061 401 1132 Hodie
419 1086 460 1131 ex
477 1063 616 1148 castris,
643 1086 734 1156 quae
749 1062 882 1133 suntin
897 1060 1114 1155 ripaDanu-

115 1165 337 1250 bii„allatae
353 1179 436 1235 sunt
452 1166 593 1248 literae,
618 1165 767 1256 scriptae
789 1166 847 1234 die
860 1162 1045 1259 Dionysii,
1073 1167 1111 1234 in

115 1268 246 1362 quibus
267 1267 401 1336 mentio
427 1280 479 1336 est
500 1267 801 1352 deliberationum
824 1268 868 1335 de
881 1290 986 1357 pace,-
1005 1291 1111 1360 quam

36 1436 41 1442 .
112 1383 156 1441 nt
177 1370 264 1438 deus
283 1369 390 1438 nobis
412 1370 600 1453 concedat,
634 1369 728 1437 veris
748 1369 840 1438 votis
865 1382 899 1439 et
923 1369 1112 1457 gemitibus

112 1473 331 1563 precandum
348 1484 410 1539 est.
461 1467 577 1539 Video
595 1472 709 1540 multa
729 1469 861 1539 insulse
884 1471 975 1558 geri,
1003 1471 1111 1564 idque

112 1573 217 1645 initio
234 1572 346 1641 metui
361 1572 520 1641 futurum
537 1594 621 1646 esse.
672 1570 777 1641 Nunc
792 1572 907 1640 maius
921 1572 1053 1641 malum
1071 1574 1110 1645 in

112 1675 243 1744 vicinia
266 1688 383 1743 ortum
405 1687 455 1742 est
476 1686 611 1744 constat
626 1673 720 1742 enim
737 1673 807 1741 iam
824 1673 960 1742 vicinos
974 1674 1110 1744 bellum

114 1765 285 1846 illaturos'
299 1799 372 1844 esse
396 1771 555 1844 Electori
581 1773 768 1847 Saronico.
826 1771 923 1844 Haec
948 1799 1004 1844 res
1027 1790 1110 1846 ante

112 1873 182 1948 hoc
196 1891 335 1969 tempus
353 1878 545 1946 subornata
561 1889 623 1950 est.
660 1876 752 1945 lussi
770 1877 878 1966 igitur
894 1875 996 1962 lilios,
1022 1879 1110 1947 ado-

32 2009 36 2015 ·
111 1981 281 2049 lescentes
312 1974 480 2047 honestos
509 1992 542 2046 ct
574 1979 665 2047 bene
695 1993 873 2061 moratos,
905 2002 985 2048 cum
1006 2002 1108 2069 prae-

111 2095 251 2173 ceptore
267 2083 312 2148 ad
331 2105 392 2148 vos
408 2080 598 2171 proficisci,
626 2080 689 2172 qui
706 2093 783 2169 post
803 2080 951 2148 biduum
969 2080 1037 2148 iter
1052 2082 1109 2149 in·
1152 2136 1184 2204 N
1233 2133 1282 2208 35
1311 2138 1335 2208 9
1581 2160 1588 2169 ,

110 2183 326 2274 gredientur.
368 2181 546 2250 Humanis
562 2182 720 2250 consiliis
735 2177 801 2251 hae
818 2195 1038 2272 tempestates
1054 2205 1108 2250 se·
1149 2143 1320 2262 ,ΞΨΖ
1336 2186 1347 2208 ’
2000 2148 2146 2272 &Q

39 2303 44 2310 “
109 2287 187 2354 dari
212 2307 286 2352 non
308 2297 466 2374 possunt.
517 2282 602 2351 ldeo
626 2284 734 2353 deum
758 2305 917 2368 oremus,
941 2297 981 2354 ut
994 2297 1108 2352 servet

40 2384 49 2391 ’
107 2383 302 2457 Ecclesiam
328 2409 445 2469 suam,
477 2397 511 2453 et
536 2378 700 2454 honestas
718 2386 871 2475 politias.
921 2381 971 2454 Et
988 2408 1106 2454 serva·
1409 2332 1595 2448 Ge⁰rgl⁰
1627 2334 1884 2443 AflllallmO·

109 2502 230 2558 turum
248 2511 320 2555 esse
336 2512 409 2554 non
424 2487 569 2569 (lubitu,
594 2487 731 2556 etiamsi
747 2510 874 2575 magua
889 2501 973 2555 sunt
986 2502 1105 2554 nostra
1217 2501 1237 2563 †
1254 2496 1293 2549 Ει
1310 2493 1465 2567 apographo
1481 2493 1509 2548 in
1524 2494 1586 2551 cod.
1599 2494 1763 2552 serverum
1781 2514 1810 2568 p.
1825 2495 1884 2550 174.
1900 2493 1967 2549 mihi
1980 2494 2114 2566 descripta
2130 2509 2146 2547 a

109 2591 222 2672 vicia,
257 2601 291 2656 et
320 2589 357 2655 iu
387 2605 535 2680 utraque
555 2607 653 2677 parte
675 2590 929 2676 gubernatores
951 2589 1105 2657 multum
1850 2587 1854 2598 ’
1909 2576 1913 2585 ’
1975 2591 1980 2604 ¹

111 2703 268 2782 peccaut.
321 2688 390 2758 Sed
416 2690 657 2758 crudelitatem
681 2704 717 2758 et
738 2691 908 2758 libidines
934 2686 1103 2759 ltalorum

109 2797 148 2863 in
174 2792 295 2861 castris
309 2788 430 2860 Caroli
454 2793 541 2859 deus
564 2792 634 2859 cito
656 2791 791 2879 puniet.
843 2789 953 2859 Venit
975 2792 1105 2862 mulier
1226 2857 1232 2870 ,

106 2894 276 2964 Bavarica
301 2891 339 2959 in
362 2905 474 2961 castra
495 2890 773 2960 Foederatorum
797 2891 1009 2962 et-narravit
1030 2890 1103 2960 tilio
1146 2871 1190 2962 S
1217 2874 1265 2967 D.
1316 2890 1557 2962 lllustrissime
1576 2883 1747 2982 Princeps
1775 2905 1810 2961 et
1834 2889 2144 2961 Reverendissime

1251 2565 1359 2621 Clarisr.
1371 2565 1500 2618 Sintenir.

1314 2734 1492 2833 Georgi
1498 2762 1518 2807 o
1526 2792 1538 2825 ,
1566 2733 1738 2835 Principi
1749 2732 1975 2826 Anhaltino,

108 2995 255 3088 parvulo
276 2988 421 3062 brachia
445 3007 477 3060 et
502 2995 608 3082 pedes
632 2993 807 3081 praecisos
836 3017 931 3077 esse,
964 2993 1103 3084 sibique
1145 2993 1310 3064 Domine.
1351 2992 1595 3063 Tabellarium
1612 2985 1709 3060 bunc
1724 2993 1848 3083 oppidi
1865 2992 1979 3061 nostri
1992 2996 2037 3061 ad
2052 2989 2144 3066 Cels.

106 3094 202 3169 hune
218 3119 394 3164 summum
410 3095 570 3164 dolorem
586 3080 712 3174 fuisse,
739 3097 834 3186 quod
851 3095 900 3164 ita
926 3095 1102 3163 excrucia·
1146 3095 1190 3165 V.
1210 3097 1332 3175 mitto,
1367 3110 1407 3165 ut
1427 3096 1563 3163 adferat
1586 3094 1794 3163 concionem
1821 3096 1866 3162 de
1889 3095 1985 3164 dicto
2006 3090 2144 3178 Esaiae,

105 3193 251 3291 retur¹)
277 3196 412 3280 inians,
444 3220 489 3263 ne
511 3194 629 3263 subito
644 3197 734 3263 mori
754 3209 881 3284 posset.
932 3192 1102 3265 Deusre-
1146 3200 1242 3289 quod
1265 3209 1357 3267 extat
1377 3196 1489 3287 capite
1514 3191 1594 3266 59.:
1628 3193 1784 3285 Spiritus
1806 3218 1925 3280 meus,
1958 3194 2021 3289 qui
2038 3209 2089 3266 est
2102 3195 2142 3264 in

105 3302 229 3392 spiciat
251 3313 285 3368 et
312 3298 409 3367 iuvet
432 3320 508 3366 nos.
567 3295 663 3364 Bene
686 3297 810 3370 valete.
862 3291 1004 3365 Morus
1028 3321 1100 3367 non
1144 3311 1197 3380 te,
1227 3312 1264 3369 et
1285 3301 1390 3368 verba
1413 3294 1512 3380 mea,
1538 3320 1628 3388 quae
1648 3309 1732 3365 sunt
1754 3297 1792 3364 in
1808 3320 1869 3365 ore
1885 3311 1965 3376 tuo,
1991 3321 2066 3367 non
2084 3322 2142 3366 re·

104 3394 315 3487 venichuc,
345 3414 378 3469 et
401 3402 525 3467 durtor
540 3389 739 3466 Plicordus
764 3398 813 3467 ait
830 3424 866 3468 se
881 3394 1100 3470 hortatorem
1143 3402 1267 3471 cedent
1289 3402 1334 3469 ab
1350 3424 1411 3468 ore
1430 3397 1584 3469 Seminis
1600 3398 1664 3466 tui.
1703 3395 1877 3483 Quaeso,
1903 3397 2052 3471 utCels.
2070 3398 2140 3467 Ve-
2177 3412 2182 3430 '
2235 3416 2241 3481 ζ

101 3505 224 3584 luisse,
248 3496 507 3586 utmanerct²)
527 3499 678 3590 Lipsiae.
712 3497 845 3590 Scripsi
862 3502 971 3587 igitur
987 3499 1099 3569 Ham·
1143 3516 1213 3571 stra
1237 3498 1327 3569 mibi
1348 3500 1538 3589 significari
1556 3512 1672 3582 curet,
1703 3523 1749 3566 an
1770 3499 1922 3568 nuncius
1939 3495 2140 3570 exhibuerit

102 3604 228 3672 monio
249 3612 284 3669 et
305 3602 350 3670 ab
374 3601 451 3692 ipso
468 3594 500 3695 ³)
521 3601 640 3671 literas
655 3615 810 3693 expecto.
863 3600 961 3671 Bene
974 3604 1098 3677 valete.
1143 3628 1218 3673 eam
1240 3603 1438 3672 orationem
1456 3600 1623 3683 fideliter,
1649 3614 1689 3668 ut
1706 3600 1803 3668 iussi.
1852 3596 2058 3669 Consolatio
2075 3614 2137 3680 est,

97 3705 169 3780 Die
181 3702 312 3775 Lucae.
1143 3729 1248 3796 quam
1265 3699 1436 3792 mihiipsi
1455 3726 1556 3791 saepe
1572 3725 1745 3790 propono.
1798 3696 1983 3785 Arbitror,
2009 3717 2042 3772 et
2055 3699 2137 3772 Cel-

798 3800 989 3900 Pbilippus
1004 3804 1046 3902 ⁴).
1142 3805 1248 3879 situd.
1263 3803 1409 3874 Vestrae
1425 3818 1459 3872 ct
1474 3802 1552 3871 aliis
1564 3803 1632 3892 piis
1648 3815 1786 3891 gratum
1802 3804 1889 3874 fore.
1932 3800 2024 3873 Cum
2041 3804 2136 3872 enim

794 3902 799 3911 ’
1142 3907 1289 3998 imperia
1311 3920 1429 3976 tantos
1453 3904 1626 3974 tumultus
1650 3903 1818 3988 excitent,
1843 3903 1926 3992 angi
1949 3917 2042 3974 certe
2056 3907 2136 3974 ani-

1140 4032 1217 4078 mos
1231 4023 1371 4079 nostros
1386 4011 1430 4076 de
1446 4007 1667 4097 posteritate,
1692 4007 1737 4073 de
1749 4003 1917 4088 Ecclesia,
1942 4009 1987 4074 de
2001 4007 2136 4078 doctri-

96 4167 132 4238 Ν
182 4163 284 4237 3573
1022 4171 1053 4235 Ο
1139 4135 1206 4179 nae
1227 4110 1497 4203 propagatione,
1523 4121 1741 4179 necesseest.
1790 4105 1860 4177 Sed
1878 4110 1965 4177 deus
1983 4102 2048 4177 hos
2065 4109 2134 4178 llu-

98 4193 297 4292 ἕνεκ’
385 4280 397 4294 .
917 4180 1094 4288 »100κέ
1139 4227 1214 4282 ctus
1237 4213 1492 4282 moderabitur.
1543 4205 1598 4276 Ex
1622 4209 1763 4290 castris,
1795 4233 1885 4301 quae
1901 4222 1984 4278 sunt
2000 4211 2037 4277 in
2055 4211 2132 4302 ripa

1137 4312 1296 4384 Danubii
1313 4312 1504 4403 accipimus
1518 4310 1649 4392 literas,
1673 4312 1730 4378 die
1746 4308 1912 4402 Dionysii
1928 4305 1953 4402 ¹)
1975 4311 2133 4402 scriptas,

1137 4440 1226 4507 quae
1241 4416 1457 4485 mentionem
1474 4412 1651 4481 faciebant
1667 4411 1965 4481 deliberationum
1984 4414 2027 4480 de
2044 4437 2133 4481 cou-

194 4501 312 4605 epistol.
331 4498 382 4553 Μ’·
398 4495 433 4551 V·
454 4515 480 4568 Ρ·
500 4495 543 4552 ⁵⁴·
1031 4584 1035 4591 .
1137 4516 1333 4585 ditionibus
1357 4515 1470 4606 pacis,
1494 4537 1621 4606 quam,
1646 4512 1715 4581 nisi
1738 4515 1824 4580 deus
1840 4513 1975 4583 flexerit
1991 4514 2129 4584 animos

1135 4608 1313 4711 utrimque
1334 4620 1378 4686 ad
1397 4616 1562 4709 aequiora
1580 4614 1748 4696 consilia,
1775 4614 1832 4681 vix
1849 4636 1947 4703 posse
1960 4615 2036 4684 fieri
2053 4638 2129 4696 me-

1133 4733 1207 4793 tuo.
1259 4718 1329 4790 Sed
1349 4722 1455 4789 deum
1477 4738 1634 4799 oremus,
1659 4729 1699 4791 ut
1714 4709 1779 4784 hos
1794 4730 1911 4785 motus
1927 4719 2068 4796 sedare.
2093 4733 2129 4788 et

92 4791 142 4884 S·
165 4806 213 4883 D.
262 4803 381 4874 Hodie
398 4804 759 4897 allatflessunlllltfflfl
777 4831 817 4874 ‘X
834 4805 977 4890 castris.
1000 4835 1088 4903 quae
1127 4818 1458 4910 [regereEcctesiam
1482 4805 1516 4889 et
1534 4815 1716 4907 Principes
1739 4816 1865 4906 spiritu
1890 4832 2011 4887 sancto
2030 4820 2126 4896 velit.

93 4908 238 4986 suntin
258 4903 534 4998 ripaDanubii‚
565 4906 715 4996 ⁵⁶15le
738 4909 796 4976 dle
817 4906 992 5004 Dionysii·
1045 4911 1085 4981 1¹¹
1131 4920 1493 4995 BenevoleatCelsit.
1511 4918 1606 4990 Vest.
1650 4917 1827 4988 Postridie
1844 4917 1972 4993 Lucae.

92 5016 226 5114 quibus
246 5009 380 5081 mentio
402 5020 453 5077 est
471 5007 768 5080 deliberationum
785 5012 828 5079 de
842 5035 945 5102 pace,
980 5037 1084 5106 quam
1543 5019 1586 5091 V,
1601 5018 1722 5094 Celsir,
2051 5100 2055 5113 ι

85 5166 303 5187 ..ψ-ω-
720 5182 722 5185 ,
1779 5122 2040 5191 addictissimus
2080 5189 2085 5193 .

125 5236 154 5302 t)
171 5233 238 5316 bist.
256 5231 402 5313 qutenser
426 5227 612 5282 arctantur.
651 5226 695 5285 De
713 5231 871 5288 erudelitate
889 5224 1006 5288 militum
1026 5234 1082 5293 rid.
1296 5284 1298 5289 ,
1731 5216 1826 5294 Phil,
1847 5219 2092 5295 Melanthom‘

157 5301 278 5356 Slerdan.
292 5318 321 5352 ιιι
338 5305 488 5354 comment.
505 5315 533 5369 p.
546 5296 606 5352 ⁵⁵1.
1728 5348 1730 5353 ,

120 5387 234 5455 muse
254 5384 330 5439 Part.
347 5389 475 5451 matred·
1689 5434 1692 5438 ,

120 5469 150 5539 3)
168 5469 236 5524 Mat.
253 5465 331 5521 Port.
350 5483 394 5518 eo.
1065 5529 1072 5536 ,
1158 5459 1287 5528 *lsaub
1303 5460 1424 5527 Laertae,
1449 5461 1524 5534 quod
1541 5460 1672 5516 mendum
1691 5470 1741 5515 ert.

117 5557 148 5627 t)
166 5555 232 5612 Met.
249 5552 328 5610 Port.
345 5549 491 5620 ΡΙιιῚψρω
506 5546 684 5608 temtor.
1149 5550 1177 5618 1)
1195 5545 1216 5601 i.
1229 5565 1254 5605 e.
1268 5545 1296 5604 d.
1309 5546 1336 5604 9.
1349 5545 1453 5605 Ortob.

487 4342 523 4427 Ι.
551 4340 697 4426 Ionae.

426 4644 563 4752 Iusto
588 4647 746 4728 Ionae.

1136 5362 1354 5373 annun-‘0-
