4882 6436
104 329 180 403 888
267 349 274 379 ⁷

244 495 298 570 D.
326 493 528 597 Georgia
547 469 720 600 Principl
739 501 779 571 in
807 496 953 573 Anhalt

65 826 66 829 Ἴ
98 743 265 839 Semper,
286 749 402 840 inquit
421 748 603 831 irenaeus,
629 745 757 847 adsuit
774 744 903 818 Filias
918 744 999 818 Dee'
1016 743 1089 818 lta-

97 870 211 914 mano
229 848 372 941 generi,
398 847 586 920 Ecclesiae
606 845 766 920 videlicet
781 874 880 924 suae.
932 850 1030 921 ldem
1054 864 1088 921 et

97 973 194 1018 nnnc
216 974 358 1043 quoque
381 954 479 1022 adest
501 953 623 1038 nobis,
646 966 679 1023 et
693 954 878 1024 adfuturus
894 966 963 1038 est,
977 976 1034 1035 ac,
1048 966 1087 1022 ut

97 1051 210 1133 adsit,
234 1075 314 1121 eum
336 1068 538 1123 reverenter
559 1069 594 1124 et
614 1057 780 1125 ardenter
795 1077 945 1125 oremus.
994 1051 1085 1122 Nam

95 1151 314 1241 periculosae
331 1153 602 1225 deliberationes
616 1169 701 1226 sunt
713 1158 757 1226 de
772 1153 950 1230 Ecclesiis.
989 1151 1087 1226 Con-

95 1252 233 1325 cionem
255 1255 299 1323 de
319 1250 593 1327 Resurrectione
608 1257 767 1329 ‘scribam
792 1271 832 1328 ut
853 1269 995 1349 potero,
1022 1255 1086 1325 etsi

92 1367 189 1423 nunc
201 1356 345 1447 quidem
358 1356 513 1428 editione
528 1361 752 1452 quorundam
763 1359 937 1429 librorum
948 1358 1086 1427 medio-

96 1455 204 1524 criter
226 1469 413 1546 occupatus
436 1481 526 1532 sum.
578 1457 648 1529 Pro
671 1457 783 1529 Esoce
803 1458 932 1550 gratias
954 1482 1019 1549 ago
1043 1454 1085 1530 C.

97 1553 159 1638 V„
174 1556 237 1625 etsi
256 1578 318 1645 ego
335 1557 479 1649 quidem
496 1584 561 1628 nec
576 1559 745 1651 piscium,
759 1585 824 1631 nec
839 1561 990 1630 aliorum
1006 1559 1086 1628 ani-

94 1656 269 1726 mantium
286 1681 391 1727 carne
404 1661 580 1743 delector,
605 1685 715 1754 eaque
728 1662 765 1730 iu
781 1687 818 1731 re
834 1662 935 1731 facile
949 1662 1086 1754 potuis·

94 1778 169 1824 sem
190 1754 444 1852 Pythagoricos
466 1761 556 1831 ritus
582 1784 733 1832 servare.
783 1762 887 1838 Nunc
909 1785 1011 1832 servo
1027 1775 1086 1831 ut-

95 1881 235 1951 cunque
266 1855 536 1953 Pythagoricam
569 1859 786 1954 ἐχεμυθίαν.
842 1861 941 1933 Bene
971 1862 1087 1934 valeat

96 1953 189 2033 Cels.
205 1957 248 2033 V.
266 1958 333 2030 Die
349 1960 410 2034 20.
427 1960 573 2047 Martii,
598 1989 668 2057 quo
683 1979 765 2034 ante
782 1989 895 2035 annos
915 1960 1013 2039 1614
1024 1960 1088 2033 Fi-

94 2058 165 2128 lius
180 2057 246 2129 Dei
268 2058 476 2153 triumphali
493 2087 621 2155 pompa
638 2066 762 2135 urbem
780 2063 1016 2159 Solymarum
1030 2065 1088 2133 in-

95 2181 232 2247 gressus
257 2173 327 2244 est,
352 2175 385 2231 et
407 2187 599 2255 puerorum
623 2165 793 2237 clamores
814 2167 1002 2259 approbat,
1029 2165 1087 2233 in-

95 2261 237 2351 quiens:
262 2257 332 2330 Ea
355 2286 415 2332 ore
441 2260 648 2362 infantiam
670 2275 702 2336 et
729 2263 941 2338 lactentium
962 2265 1086 2365 perfe-

94 2358 181 2429 cisti
197 2359 358 2434 laudem.

110 2725 176 2794 No.
192 2728 305 2800 4181.

105 2821 317 2864 Μ

442 2930 504 3015 M.
539 2928 745 3018 croceae.

193 3083 277 3158 epar.
292 3083 381 3142 rav.
400 3072 428 3158 p.
443 3086 546 3162 111...

94 3230 296 3310 Marco
321 3231 621 3416 Ονοάιὶὧο,
656 3239 886 3337 gubernanti
916 3236 1085 3314 scholam

571 3368 650 3439 arg.

94 3469 139 3556 S.
165 3487 211 3560 D.
262 3488 473 3558 Veneranda
489 3491 561 3568 vir,
575 3502 609 3558 et
624 3490 734 3561 amice
749 3485 965 3560 charissime.
991 3486 1086 3558 Cau-

93 3612 167 3658 sam
184 3582 296 3659 habeo
317 3589 455 3659 itineris
469 3592 512 3658 ad
536 3613 597 3659 vos
613 3590 846 3682 suscipiendi,
872 3603 906 3659 et
923 3590 1085 3659 nondum

93 3690 228 3761 mutavi
255 3690 454 3760 consilium.
505 3689 576 3760 Sed
596 3714 652 3759 me
676 3687 845 3761 hactenns
867 3713 994 3781 operae
1010 3688 1086 3785 Ty-

94 3786 329 3882 pographicae
351 3793 592 3863 detinuerunt.
643 3786 790 3862 Paulas
810 3788 995 3862 historiam
1011 3791 1085 3862 edit

94 3893 319 3979 continuam,
345 3893 428 3963 inde
452 3916 564 3989 usque
586 3919 606 3964 1
631 3896 749 3966 reditu
769 3917 809 3963 ex
832 3892 1017 3987 Babylone
1037 3895 1082 3963 ad

94 3994 270 4064 excidium
295 3995 395 4064 urbis
418 3993 696 4090 Hierosolymae.
754 3995 976 4075 Lectionem,
1005 4016 1084 4085 spe-

94 4119 154 4174 ro,
181 4095 250 4186 piis
268 4110 303 4166 et
316 4097 441 4165 utilem
461 4111 496 4168 et
509 4098 648 4167 dulcem
665 4099 749 4170 lore.
801 4094 849 4167 Et
866 4120 928 4186 ego
944 4089 1082 4189 Physt-

94 4219 156 4265 cen
178 4199 254 4265 edo.
314 4197 383 4268 Sed
401 4222 522 4289 spero,
546 4193 635 4266 milti
660 4201 765 4269 festos
780 4199 839 4267 die
856 4199 1083 4267 intervallum

93 4320 319 4366 concessuros
341 4321 432 4380 esse,
465 4311 505 4366 ut
528 4300 695 4388 expatiari
720 4300 862 4390 possim.
912 4297 1083 4369 Ileditum

94 4423 135 4467 ex
150 4396 288 4468 Basilea
311 4412 451 4490 expecto
473 4399 541 4467 mei
566 4401 741 4470 tabellarii
763 4396 830 4469 hoc
855 4399 996 4482 triduo,
1022 4398 1085 4493 qui

95 4501 125 4568 si
142 4500 298 4572 attulerit
315 4523 370 4570 res
384 4500 509 4590 dignas
523 4514 686 4587 narratu,
700 4503 801 4572 vobis
817 4524 958 4596 quoque
972 4500 1083 4590 signi·

90 4603 213 4672 ficabo.

196 4732 284 4804 Heri
299 4737 360 4804 diu
376 4759 512 4806 mecum
524 4733 741 4828 Hispanas,
767 4731 875 4806 homo
892 4736 1084 4805 multarum

94 4857 213 4902 rerum
245 4836 394 4926 peritus,
436 4853 595 4907 amanter
627 4839 822 4907 collocutus
848 4852 911 4907 est.
972 4835 1084 4905 Valde

93 4935 271 5024 praedicat
286 4937 452 5008 virtutem
478 4939 606 5030 captivi
621 4938 819 5028 Principis,
844 4936 940 5008 Deus
954 4961 1035 5006 eum
1051 4949 1085 5006 et

94 5059 161 5103 nos
183 5037 374 5122 gubernet,
408 5053 441 5109 et
459 5041 595 5129 mitiget
620 5039 832 5110 calamitates
861 5039 1019 5131 publicas
1050 5049 1098 5106 et·

96 5135 269 5226 privatas,
289 5150 324 5206 et
340 5155 451 5210 servet
467 5142 603 5233 aliquas
618 5137 794 5210 Ecclesiae
812 5141 991 5234 reliquias.
1015 5136 1085 5208 Ba-

95 5261 140 5306 ne
158 5238 245 5305 vale.
278 5233 387 5310 1548.
422 5241 487 5310 Die
507 5242 699 5312 resuscitati
715 5241 859 5325 Lazari,
887 5256 1012 5334 quarto
1030 5239 1085 5306 vi-

93 5338 219 5407 delicet
236 5355 316 5410 ante
332 5338 581 5432 triumphalem
598 5368 761 5434 pompam
779 5342 955 5432 ingressus
968 5343 1004 5411 in
1015 5339 1086 5410 Ur-

94 5442 173 5507 bem
189 5437 439 5535 lerosolymam
455 5440 631 5522 FiliiDei,
658 5461 758 5530 cum,
783 5447 908 5514 sedens
922 5443 961 5512 in
976 5443 1086 5526 mula,

141 5543 318 5610 1111111111.
334 5546 437 5613 0111.
464 5548 547 5612 Vos..
563 5543 623 5616 Vl.

690 320 1130 443 nersrouaaou
1181 312 1289 406 1111.
1312 317 1378 406 xe
1431 322 1567 401 1111.

2062 324 2137 400 111
2230 273 2232 277 ’

1147 521 1166 570 1
1186 499 1316 593 populo
1332 499 1569 592 exciperetur,
1588 498 1746 568 olearum
1763 505 1798 567 et
1810 496 2006 588 palmarum
2019 507 2138 570 ramos

98 624 142 717 S.
166 643 211 719 D.
264 644 504 717 lllustrissime
528 664 562 719 et
584 646 893 720 Reverendissime
911 647 1090 738 Princeps.
1133 596 1313 722 limante·
1348 597 1396 674 El
1413 601 1661 694 ipse'hudml
1682 599 1936 669 ⁰⁰¹¹f⁰⁸³i⁰¹¹e¹¹¹
1953 601 2138 692 Pfflllllffls·

1145 703 1328 796 mquiens:
1354 699 1408 773 Ex
1423 728 1484 773 ore
1501 702 1689 772 infantium
1713 712 1747 769 et
1760 701 1963 770 lactentium
1987 701 2136 792 perfeci-

1143 807 1188 874 sti
1212 806 1364 877 laudem.
1417 804 1459 874 ln
1484 830 1524 873 eo
1549 827 1697 871 numero
1720 824 1941 895 unaquoque
1958 825 2031 871 esse
2048 825 2138 892 gau-0·

1143 907 1297 981 deamus.
1350 906 1508 979 Salutem
1526 919 1609 997 opto
1627 918 1688 974 tuo
1707 900 1856 977 Pastori.
1878 914 1942 975 etc.

1859 999 1861 1002 ⁴
1884 999 2084 1096 Philippus.

1834 1359 1910 1442 (hoo
1923 1362 1985 1423 l'ere
1997 1363 2108 1445 temp.)

1814 1456 2127 1502 m

1431 1555 1500 1640 M.
1532 1551 1849 1665 Meteabargto.

1209 1677 1589 1785 numanam

1139 1857 1382 1934 Michaeli
1404 1859 1458 1936 M
1466 1860 1756 1955 elenburgio,
1783 1858 1928 1933 consuli
1950 1855 2136 1934 Northas.

1140 1987 1187 2079 S·
1218 2008 1265 2085 D.
1315 2008 1392 2080 Deo
1414 2025 1575 2096 aeterno,
1607 2008 1706 2080 Patri
1731 2006 1879 2079 Domini
1907 2009 2020 2081 nostri
2051 2007 2132 2079 lesu

1140 2106 1294 2196 Christi,
1316 2112 1443 2201 gratias
1465 2135 1550 2200 ago,
1576 2113 1670 2203 quod
1694 2135 1768 2181 non
1790 2100 1875 2181 sinit
1894 2135 1951 2180 me
1972 2105 2131 2202 pertrahi
2183 2155 2186 2162 -

1142 2214 1187 2282 ad
1203 2210 1428 2285 Conventum
1443 2209 1711 2303 Augustanum,
1736 2226 1771 2283 et
1785 2236 1870 2297 oro,
1896 2227 1937 2282 ut
1949 2237 2006 2280 me
2023 2225 2131 2302 regat.

1140 2311 1222 2382 Non
1239 2328 1344 2403 puto,
1365 2316 1409 2383 111
1426 2312 1640 2404 Imperatore
1657 2326 1775 2383 ortum
1791 2334 1864 2381 esse
1878 2313 2066 2382 consilium
2084 2313 2129 2382 de

1142 2414 1213 2484 illis
1237 2416 1354 2485 stultis
1372 2415 1703 2506 compositionibus:
1731 2416 1791 2483 sed
1808 2439 1827 2483 a
1844 2405 2129 2506 Marehr'on'e*).

1141 2511 1190 2586 Et
1206 2530 1371 2587 metuunt
1389 2540 1511 2586 omnes
1524 2516 1748 2585 mediocriter
1756 2515 1948 2606 cogitantes
1959 2519 2003 2585 de
2018 2516 2129 2587 salute

1140 2618 1339 2704 communi,
1364 2633 1542 2687 secuturas
1556 2640 1629 2689 esse
1642 2640 1787 2708 magnas
1803 2608 2036 2687 confusiones.
2072 2611 2129 2687 De

1142 2718 1306 2808 picturis,
1337 2742 1458 2809 spero,
1494 2719 1596 2788 vobis
1622 2741 1845 2790 communem
1871 2719 2129 2787 exeusationem

1140 2821 1361 2911 profuturam
1381 2843 1473 2890 esse:
1504 2804 1745 2913 ubique'tales
1768 2823 1898 2909 figurae
1923 2831 2129 2908 conspectae

1141 1357 1208 1432 No.
1222 1357 1336 1435 4182.

1150 1454 1321 1484 Μ

1022 3002 1029 3020 .
1141 2935 1174 2991 et
1189 2922 1352 2991 venditae
1366 2936 1463 2992 sont:
1488 2920 1559 2991 imo
1582 2924 1622 2990 in
1646 2923 1753 2991 domo
1769 2914 1919 3011 hospitis
1936 2920 1975 2988 in
1987 2914 2128 2989 Bata-

1139 3015 1224 3114 feld
1238 3020 1433 3115 Imperator
1445 3022 1537 3092 vidit
1554 3023 1629 3115 ipse
1643 3023 1771 3092 multas
1787 3022 1918 3091 similes
1933 3021 1971 3089 in
1987 3020 2131 3113 pariete.

1140 3119 1309 3193 Arbitror
1333 3137 1470 3209 atatem,
1501 3118 1593 3194 herne
1624 3137 1787 3194 aestatem
1822 3117 2023 3193 habituram
2055 3142 2130 3190 esse

1138 3225 1252 3295 multo
1275 3224 1409 3294 maiora
1434 3224 1589 3314 negotia:
1622 3248 1719 3318 quae.
1738 3224 1891 3294 obruent
1911 3223 2129 3292 mentionem

1140 3325 1267 3397 talium
1279 3326 1534 3397 calumniarum
1551 3329 1594 3394 de
1610 3325 1757 3418 picturis
1772 3338 1806 3394 et
1822 3324 1999 3394 similibus
2012 3325 2129 3413 nugis.

1240 3424 1295 3496 De
1325 3419 1616 3521 Christapltoro,
1645 3428 1739 3512 filio,
1770 3438 1946 3517 expectate
1972 3422 2127 3495 Maium:

1139 3526 1273 3596 interea
1295 3530 1389 3596 enim
1411 3528 1611 3596 videbimus
1634 3542 1668 3596 et
1690 3551 1750 3609 ea,
1774 3551 1864 3619 quae
1883 3527 1921 3593 in
1939 3523 2129 3596 Conventa

1139 3641 1307 3717 aguntur:
1342 3642 1441 3721 etan
1464 3623 1549 3696 haec
1573 3651 1634 3696 ora
1663 3627 1837 3697 Saxoniae
1858 3627 1984 3723 studiis
2008 3626 2129 3696 litera:

1139 3753 1217 3798 rum
1232 3729 1527 3822 tranquillitatem
1545 3750 1750 3797 concessura
1765 3727 1821 3802 sil.
1872 3724 1970 3796 Bene
1992 3738 2026 3796 et
2048 3728 2129 3798 teli-

1138 3831 1226 3901 citer
1249 3832 1374 3904 valete.
1426 3827 1522 3900 Deus
1550 3844 1664 3898 servet
1679 3852 1758 3910 vos,
1785 3842 1819 3899 et
1843 3823 2127 3897 honestissimam

1138 3932 1322 4021 coniugem
1346 3945 1515 4014 vestram,
1529 3925 1578 4001 ⁴ct
1599 3929 1821 4000 dulcissimos
1843 3930 1974 4007 liberos
1990 3926 2129 4001 incolu-
2245 4016 2248 4022 Ι

1138 4057 1222 4107 mes.
1871 4035 1892 4074 '³
2004 4045 2006 4049 ‘

1830 4127 2029 4223 Philippus.

1139 4469 1205 4541 No.
1220 4467 1335 4543 4188.

1141 4566 1349 4598 Μ

1952 4411 2012 4538 dd.
2027 4466 2116 4532 lllart.

1970 4558 2128 4586 *OQ

1553 4648 1720 4730 Eidem.

1234 4813 1318 4885 epta.
1333 4812 1382 4867 111.
1397 4809 1432 4863 v.
1453 4805 1552 4879 asse.
1699 4782 1717 4821 ‘

1139 4962 1197 5038 M
1201 4956 1284 5036 iet.
1311 4955 1667 5051 Meienhargio,
1704 4952 1849 5025 consati
1873 4950 2129 5048 Northasano,
2218 5019 2221 5022 ,

1139 5094 1180 5184 S.
1206 5113 1251 5184 D.
1299 5109 1407 5180 Hunc
1437 5105 1663 5176 tabellarium
1687 5101 1770 5170 misi
1793 5103 1901 5186 istuc,
1927 5118 1968 5174 ut
1995 5106 2130 5178 adserat

1139 5220 1209 5291 Dn.
1230 5210 1381 5298 Ductori
1404 5202 1523 5278 Ionae
1544 5206 1663 5276 literas
1684 5202 1768 5272 fidei
1788 5202 1967 5295 publicae,
2000 5207 2130 5299 quibus

1143 5381 1348 5397 ——1-

1174 5457 1202 5530 *J
1222 5456 1349 5523 Nomen,
1362 5448 1542 5599 ggodtSeub.
1557 5443 1660 5508 tacuit,
1677 5442 1803 5500 hubald.
1821 5444 1858 5496 D.
