4882 6436
104 345 182 425 070

107 515 175 588 Die
186 509 323 588 XXlll.
335 510 410 587 lau.
420 507 461 605 17)
475 471 514 580 in
531 509 681 582 Colonia
695 511 806 583 veteri
820 510 1039 581 Saraborum
1049 502 1102 600 ιε).

107 618 267 689 Salutem
303 628 388 706 opto
423 615 501 683 viro
532 615 687 706 optimo,
725 608 857 704 hospiti
882 627 964 697 tuo,
996 609 1102 683 Dom.

107 710 288 815 Oporino.
340 715 475 788 lterum
494 702 641 811 vale'¹⁹).
872 809 928 883 Ph
964 812 1041 881 Ml

551 840 557 846 .
929 866 938 886 ⁸
1009 836 1053 886 e·

110 1028 410 1041 ..ψ-...ψ--η-ο---ο-ο

125 1160 192 1249 No.
208 1158 322 1232 3718.

116 1257 329 1292 Μ

831 1217 834 1220 ,
934 1152 1077 1251 «fb-1811·

925 1243 1097 1274 w

383 1358 440 1440 H.
472 1351 836 1464 Baumgartnero

179 1515 371 1589 EpistlibNI.
405 1512 470 1566 ,125
479 1531 522 1581 sq.
540 1540 574 1551 -
592 1511 644 1565 llic
657 1531 687 1565 ex
700 1511 866 1583 autographo
880 1509 907 1562 in
921 1506 984 1561 cod.
997 1505 1075 1558 Mon.
1084 1505 1106 1558 l.

207 1604 239 1708 p.
257 1587 314 1639 100.
349 1581 469 1650 (Notavit
482 1583 719 1652 Baumgartnerus‚
734 1602 763 1635 se
777 1580 917 1651 epistolam
930 1575 1065 1645 accepisse
1078 1574 1106 1627 d.

249 1653 314 1706 Feb.
333 1651 419 1718 1517.)
472 1698 476 1712 .
727 1701 730 1705 .
832 1696 843 1711 .

504 330 510 340 ’
584 378 585 382 “
701 331 1141 415 EP-lSTOLARUM
1199 329 1379 408 mex,
1430 326 1565 407 1547.

2080 331 2161 415 stt

1154 528 1236 574 rum
1265 525 1427 586 suorum,
1472 494 1726 592 prophetarum
1757 516 1791 571 et
1816 503 2059 592 apostolorum
2084 519 2156 575 tra-

1153 609 1280 676 ductus
1303 616 1374 689 est,
1397 615 1516 672 tamen
1535 602 1688 672 orbitate
1704 597 1884 680 Ecclesiae
1899 629 1963 674 nos
1978 630 2053 675 non
2069 631 2154 699 pos-

1154 730 1275 777 sumus
1291 729 1366 777 non
1383 704 1515 778 dolere.
1568 701 1682 774 Valde
1697 705 1792 773 enim
1808 707 1993 795 probanda
2010 723 2061 778 est
2077 711 2154 800 pie-

1154 823 1207 880 tas
1221 822 1255 878 et
1268 807 1419 880 Senatus
1435 821 1470 877 et
1482 803 1662 877 Ecclesiae
1677 821 1830 892 vestrae,
1856 811 1951 901 quod
1967 833 2152 900 surrogare

1156 911 1286 995 alium,
1320 911 1383 1003 qui
1406 909 1501 978 idem
1524 907 1708 977 doctrinae
1722 909 1947 1001 incorruptae
1963 934 2074 998 genus
2087 915 2153 983 do-

1156 1027 1249 1097 ceat,
1274 1011 1433 1082 studetis.
1483 1008 1553 1080 Fui
1571 1004 1731 1080 hortator
1746 1003 1909 1104 Georgia
1923 1007 2087 1099 Maiori,
2112 1031 2172 1103 utv

1156 1117 1200 1184 ad
1217 1137 1280 1182 vos
1294 1114 1471 1203 migraret.
1524 1109 1594 1182 Sed
1611 1113 1775 1205 lacrymis
1793 1116 1952 1204 coniugis
1970 1117 2152 1189 retinetur.

1156 1215 1281 1286 Meum
1303 1230 1422 1286 tamen
1446 1213 1636 1282 consilium
1661 1228 1730 1299 est,
1761 1228 1802 1284 ut
1825 1218 1979 1308 ampliss.
2000 1218 2153 1290 Senatus

1157 1332 1271 1388 vester
1292 1319 1336 1388 ad
1353 1315 1553 1387 Electorem
1577 1316 1621 1384 de
1639 1340 1680 1384 eo
1695 1316 1843 1401 scribat,
1868 1343 1907 1388 ac
1923 1320 2055 1391 dimitti
2070 1345 2151 1392 eum

1157 1433 1263 1511 petat.
1288 1417 1364 1510 Ego
1380 1421 1514 1487 interea
1531 1442 1650 1485 coram
1667 1413 1912 1490 vehementius
1926 1426 2152 1506 contendam,

1157 1535 1197 1592 ut
1218 1520 1293 1590 nou
1314 1521 1468 1611 defugiat
1483 1516 1663 1588 Ecclesiae
1683 1533 1819 1589 vestrae
1842 1524 2149 1615 gubernationem.

1157 1620 1269 1714 Agam
1295 1638 1329 1695 et
1351 1647 1432 1692 curn
1447 1610 1656 1714 Craaigero.
1708 1620 1882 1692 Fortassis
1905 1639 2051 1696 aetatem
2074 1653 2132 1697 ma

1157 1728 1268 1794 iorem
1292 1725 1476 1818 requiritis
1502 1747 1608 1814 quam
1631 1737 1683 1800 est
1705 1738 1799 1794 aetas
1821 1719 2012 1796 Iohannis
2035 1723 2150 1798 Auri-

110 1804 272 1886 Clurt'SS·
291 1804 513 1882 VlVO-D·
539 1805 655 1877 ΗῖθΓ
663 1832 752 1900 ⁰1¹7
760 1803 998 1896 m⁰B⁰m8
1007 1826 1058 1869 (Π
1067 1808 1106 1868 ¹·
1149 1824 1284 1924 sobri,
1322 1828 1380 1897 cui
1402 1826 1474 1894 lilia
1499 1821 1616 1892 Hessi
1634 1839 1745 1916 nupta
1768 1842 1829 1900 est.
1898 1827 2149 1921 S'edprofecto

328 1935 454 1997 nero,
487 1907 664 1981 Senatori
687 1903 886 2001 Noriberg.

109 2041 155 2131 S·
180 2058 227 2136 D.
284 2055 385 2129 Olim
409 2058 532 2155 Mysos
553 2058 752 2128 Homerum
777 2057 896 2148 inquit
917 2050 1104 2124 hominum

110 2162 219 2233 fuisse
241 2161 472 2246 iustissimos,
505 2187 659 2254 quorum
677 2155 715 2227 hi
733 2173 888 2227 recentes
903 2156 1017 2252 Mysi,
1044 2181 1106 2248 qur

110 2265 246 2356 patriae
268 2283 351 2333 sunt
370 2257 588 2358 ἀλάστορες,
616 2275 652 2330 et
667 2262 800 2331 bellum
815 2261 919 2329 civile
935 2261 1106 2328 accende-

108 2380 206 2452 runt,
233 2389 339 2458 quam
357 2366 543 2434 dissimiles
558 2367 629 2435 sint
653 2387 722 2450 ,res
739 2363 903 2432 ostendit.
949 2359 1003 2429 Te
1018 2360 1104 2444 scio,

109 2491 313 2561 quanquam
336 2468 477 2556 longius
498 2469 600 2551 abes,
626 2492 650 2558 q
677 2490 733 2534 am
749 2488 832 2550 nos,
857 2478 976 2534 tamen
991 2475 1025 2530 et
1040 2485 1104 2531 au-

110 2571 187 2640 dire
221 2593 276 2654 ea,
310 2592 401 2661 quac
433 2569 602 2661 utrinque
635 2570 744 2650 fiunt,
778 2581 812 2644 ct
838 2580 956 2635 mente
981 2565 1103 2631 videre

107 2684 303 2753 crescentes
323 2672 363 2739 in
386 2685 536 2764 utraque
557 2683 655 2763 parte
680 2669 889 2759 cupiditates
906 2682 939 2737 ct
958 2669 1105 2735 furores.

1158 1930 1328 2012 eruditio,
1359 1929 1471 1998 virtus
1496 1939 1530 1994 et
1551 1927 1589 1994 in
1606 1928 1705 1994 omni
1720 1928 1835 1997 officio
1853 1928 2034 2020 diligentia
2052 1946 2152 2008 tanta

1159 2047 1228 2113 est,
1262 2044 1301 2100 ut
1323 2052 1491 2116 magnum
1506 2025 1683 2097 Ecclesiae
1705 2045 1956 2102 ornamentum
1981 2036 2056 2104 fore
2072 2060 2151 2129 spe-

1096 2157 1103 2170 ·
1156 2157 1243 2201 rem.
1295 2132 1394 2219 Quid
1418 2131 1447 2198 si
1471 2126 1555 2198 huic
1570 2125 1685 2198 Hessi
1704 2154 1834 2219 genero
1856 2134 1974 2203 locum
1995 2137 2151 2231 aliquem

1156 2235 1195 2302 in
1210 2231 1367 2302 Ecclesia
1391 2245 1507 2301 vestra
1526 2232 1749 2312 tribueretis,
1776 2235 1890 2303 donec
1908 2237 1946 2303 in
1967 2241 2079 2307 soceri
2096 2241 2152 2310 lo-

1156 2361 1236 2404 cum
1252 2336 1436 2404 transferri
1453 2334 1596 2428 posset?
1646 2331 1825 2423 Pagcllam
1841 2337 1945 2407 mitto
1962 2341 2006 2408 de
2024 2341 2152 2413 tristis-

1155 2439 1245 2506 simo
1272 2438 1368 2507 bello
1400 2432 1527 2505 harum
1558 2436 1755 2524 regionum.
1813 2435 1911 2508 Bene
1933 2424 2022 2516 vale.
2082 2442 2151 2515 Dic

1156 2539 1399 2610 conversionis
1411 2536 1527 2611 Pauli.
1555 2533 1664 2611 1547.

1614 2706 1617 2713 ,
1670 2634 1860 2732 Philippus
1874 2640 2100 2719 Melantlron.

108 2766 347 2843 Ioactimom
371 2774 468 2842 velut
483 2798 525 2842 ex
540 2772 708 2844 incendio
726 2771 874 2839 evasisse
889 2771 1044 2857 gaudeo,
1071 2781 1105 2836 et

109 2873 187 2959 Deo
199 2875 328 2964 gratias
343 2898 427 2964 ago,
445 2875 508 2966 qui
525 2898 605 2942 eum
622 2874 720 2942 velut
734 2867 829 2942 Loth
844 2871 976 2942 eduxit.
1026 2865 1104 2957 Ego

111 3001 252 3072 quoque
271 2979 413 3066 defuga
431 2976 556 3065 cogito.
606 2971 724 3043 Erunt
739 2968 959 3069 τυραννίδες
976 2973 1105 3039 barba·

109 3081 220 3164 ricae,
252 3101 483 3171 quaecunque
511 3100 590 3167 pars
620 3076 687 3145 erit
711 3075 850 3147 victrix.
911 3071 946 3142 Ο
968 3073 1103 3143 tristem

110 3181 262 3273 poenam
274 3180 444 3249 scelerum
454 3180 652 3248 multorum
665 3191 824 3246 veterum
843 3191 876 3245 et
889 3173 1102 3246 recentium!

110 3282 221 3368 luves⁴
239 3283 347 3372 igitur
370 3305 436 3350 nos
457 3282 525 3371 piis
549 3280 659 3357 votis,
685 3294 726 3348 ut
740 3276 837 3348 Deos
852 3281 942 3347 iram
959 3277 1105 3364 mitiget.

109 3383 207 3455 Bene
227 3385 315 3455 vale.
366 3382 434 3453 Die
451 3383 513 3456 23.
528 3380 687 3452 Ianuarii
702 3373 752 3474 ¹⁵).
802 3452 807 3462 ,

564 3484 592 3562 †
607 3471 796 3574 Philippus
812 3476 1056 3552 Melanthon.'’

109 3845 178 3921 No.
195 3845 309 3919 3719.

118 3940 290 3974 Μ

710 3948 712 3953 ⁴
748 3837 807 3918 2'5.
821 3847 884 3913 lan.
912 3849 1109 3933 (Servestae.)

720 3946 1101 3981 ww

433 4036 545 4121 Fab.
571 4035 789 4119 Kindlcro.

179 4196 256 4264 †E1
273 4194 440 4266 autographo
457 4196 485 4247 io
505 4197 567 4251 eod.
586 4197 672 4251 Rehd.
691 4195 801 4251 Vratisl.
828 4197 891 4251 Vol.
911 4197 960 4253 lll.
986 4198 1065 4270 epist.
1082 4197 1109 4254 7.

217 4285 232 4320 a
247 4265 275 4319 S.
291 4266 324 4317 V.
339 4266 471 4320 schulzio
483 4266 562 4318 nobis
575 4266 720 4334 descripta.

112 4410 340 4490 Clarissimo
357 4413 454 4501 viro,
476 4410 696 4502 eruditione,
722 4415 851 4486 virtute
868 4427 899 4487 et
910 4414 1109 4516 prudentia

108 4518 330 4621 praestanti,
355 4513 471 4590 Dom.
487 4511 710 4589 Fabiano
725 4515 779 4588 K
778 4518 794 4588 i
799 4517 882 4589 ndl
889 4544 979 4605 ero,
1005 4515 1108 4590 Can·

139 4620 292 4695 cellario
310 4617 485 4690 Dacatus
508 4617 551 4692 V
546 4620 840 4709 r'atr‘slaviensis‚
868 4622 986 4692 amico
1004 4647 1083 4693 sao.

1156 2971 1224 3045 No.
1239 2971 1353 3046 3720.

1163 3067 1335 3099 *m

2013 2986 2072 3052 25.
2087 2979 2152 3048 lan.

2012 3074 2152 3102 Nm

1445 3171 1569 3256 Iocli.
1601 3171 1878 3259 camerario.¹

1226 3349 1310 3421 Epist.
1325 3347 1360 3403 ad
1374 3338 1521 3404 Gamerae.
1532 3367 1560 3419 p.
1574 3347 1625 3400 569
1636 3367 1677 3418 sq.
1699 3348 1752 3416 (ed.
1764 3348 1853 3404 Lond.
1868 3349 1916 3405 tit.
1928 3351 1980 3410 IV.
1999 3371 2040 3446 ep.
2055 3355 2137 3426 716.)

1157 3506 1386 3587 Clarissimo
1413 3500 1717 3585 viroerudr'tr'one
1739 3526 1771 3585 et
1796 3517 1925 3589 virtute
1944 3525 2156 3617 praestanti

1158 3614 1318 3692 Ioach.
1345 3606 1410 3685 Ca
1420 3620 1478 3690 m.
1491 3608 1583 3689 Pab.
1602 3616 1721 3686 amico
1743 3626 1775 3686 et
1789 3618 1919 3716 fratri
1937 3647 2006 3693 suo
2024 3627 2153 3707 cartas.

1159 3749 1201 3839 S.
1229 3762 1275 3837 D.
1313 3762 1611 3832 Honestissimum
1630 3765 1830 3857 exemplum
1847 3769 1998 3839 civitatis
2014 3768 2153 3847 Atticae

1159 3866 1371 3949 meministi,
1420 3889 1510 3956 quae
1545 3860 1730 3936 Thebanis
1761 3869 1924 3938 exulibus
1956 3866 2152 3966 hospitium

934 4053 936 4061 y
1031 4025 1036 4039 .
1159 3970 1323 4065 praebuit
1345 3968 1469 4036 deletis
1486 3964 1639 4051 Thebis,
1666 3994 1746 4037 cum
1768 3971 1911 4061 quidem
1931 3974 2055 4047 Victor
2077 3981 2153 4050 edi-

1161 4090 1256 4145 ctum
1278 4071 1536 4162 proposuisset,
1562 4095 1606 4137 ne
1626 4069 1666 4137 in
1688 4073 1821 4159 graecis
1845 4076 2047 4150 civitatibus
2063 4085 2153 4153 reci-

1160 4188 1347 4268 perentur,
1372 4172 1434 4266 qui
1456 4171 1511 4238 illi
1533 4171 1752 4242 tristissimae
1777 4176 1871 4245 cladi
1894 4183 2152 4270 superfuerant.

1159 4278 1285 4349 Postea
1301 4274 1426 4346 Victor
1444 4274 1519 4364 ipse
1532 4269 1672 4343 Atticae
1689 4276 1840 4347 civitatis
1856 4281 2011 4351 officium
2028 4277 2154 4358 lauda-

1161 4383 1223 4452 vit.
1274 4377 1456 4447 Florentia
1478 4388 1511 4444 et
1525 4374 1687 4447 Ferraria
1705 4381 1824 4449 exules
1841 4403 1981 4469 graecos
1995 4385 2155 4483 Argyra.

1161 4483 1263 4576 pylos
1292 4491 1327 4546 et
1353 4475 1484 4546 Gazam
1513 4495 1733 4570 exceperunt.
1798 4480 1901 4553 Nunc
1928 4510 2004 4556 non
2036 4492 2152 4563 solum
2216 4560 2221 4569 ,

1161 4582 1265 4654 uobis
1290 4575 1484 4670 hospitium
1509 4581 1614 4651 offert
1635 4576 1868 4676 Noriberga,
1902 4591 1962 4657 sed
1983 4603 2025 4661 ut
2045 4596 2152 4667 audio

1161 4682 1387 4755 scholasticos
1410 4683 1515 4750 etiam
1538 4708 1709 4775 pauperes
1732 4688 1882 4773 multos,
1907 4693 1970 4783 qui
1993 4717 2034 4763 ex
2055 4706 2154 4768 utrae

112 4754 159 4846 S·
182 4773 231 4846 Ι).
281 4772 485 4845 Clarissimc
506 4774 550 4845 D.
568 4772 736 4849 Fabiane.
795 4773 875 4846 Etsi
896 4773 1017 4846 Hesso
1041 4778 1110 4868 ipsi
1161 4813 1230 4884 que
1247 4783 1436 4871 Academia
1460 4783 1546 4854 illuc
1568 4802 1761 4873 venerunt,
1790 4790 1864 4862 atie
1916 4791 2013 4866 Deus
2031 4802 2155 4874 reddat

111 4878 363 4968 gratulandum
386 4889 458 4959 est,
483 4877 580 4980 quod
604 4878 643 4944 in
663 4879 762 4946 illam
782 4893 961 4948 aeternam
977 4893 1011 4948 et
1028 4880 1110 4950 dul-
1161 4891 1308 4980 gratiam
1323 4884 1538 4975 Noribergac
1563 4911 1628 4977 pro
1649 4884 1716 4958 hoc
1738 4891 1799 4981 pio
1822 4888 1956 4983 officio,
1984 4894 2019 4966 et'
2040 4904 2162 4976 servtt'

111 4980 288 5050 cissimam
311 4979 605 5049 consuetudinem
625 4978 713 5063 Dei,
744 4976 879 5051 Christi
904 4995 939 5050 et
960 4981 1110 5072 collega·
1161 4993 1280 5085 aliqua
1303 4988 1485 5057 doctrinae
1500 5003 1536 5061 et
1552 4988 1706 5061 Virtutis
1724 4995 1916 5066 domicilia.
1965 4998 2073 5072 Mitto
2089 5006 2156 5078 tibi

1046 5123 1056 5131 ’
1162 5093 1362 5185 exemplum
1398 5090 1598 5162 litterarum
1638 5116 1726 5186 quas
1761 5098 1807 5165 ad
1839 5114 2000 5169 senatum
2030 5109 2156 5201 scripsi

1162 5197 1277 5290 quod,
1301 5193 1332 5264 si
1345 5191 1530 5275 videbitur
1542 5193 1647 5282 leges.
1698 5193 1811 5266 Valde
1827 5213 1944 5278 autem
1960 5215 1994 5271 te
2007 5210 2091 5294 oro,
2116 5227 2156 5283 ut

902 5293 933 5379 ¹5¹
947 5291 1010 5348 ωδ·
1025 5292 1110 5347 000·
1161 5301 1206 5372 de
1227 5298 1298 5367 tuis
1320 5295 1488 5365 rebusad
1504 5318 1571 5365 nos
1584 5296 1737 5381 scribas,
1763 5302 1895 5390 poteris
1910 5303 2005 5373 enim
2023 5309 2169 5386 litteris·

1161 5401 1301 5471 mittere
1317 5397 1358 5465 in
1372 5420 1490 5466 arcem
1500 5396 1747 5468 Vinariensem
1762 5402 1808 5470 ad
1823 5395 2034 5478 Iohannem
2041 5408 2157 5487 Kese.

1163 5525 1245 5588 ner‚
1270 5501 1390 5571 virum
1411 5498 1680 5590 integerrimum
1702 5515 1738 5573 et
1751 5503 1807 5573 tui
1820 5509 2003 5583 amantiss.
2017 5514 2158 5591 decrerl

1356 5611 1442 5687 24*
1492 5678 1497 5687 ,

150 5200 193 5265 17)
212 5200 281 5256 Cod.
294 5200 379 5257 Goth.
392 5202 453 5254 tot.
467 5212 494 5253 et
509 5204 566 5256 191.
585 5204 643 5257 Die
656 5205 699 5258 27.
713 5205 832 5262 Ianuar.

95 5330 111 5347 .
149 5287 193 5352 18)
211 5285 281 5342 cod.
296 5286 380 5339 Goth.
391 5289 452 5339 401.
468 5285 632 5353 Saroboth,
648 5309 725 5342 anno
741 5293 818 5347 1647.
836 5321 870 5336 «-

181 5355 239 5408 191.
254 5355 348 5408 verba:
371 5358 401 5408 e'n
414 5355 532 5431 Colonia
544 5366 595 5410 etc.
612 5357 808 5415 desiderantur.

146 5440 195 5509 1⁹)
213 5435 344 5504 Salutem
357 5434 424 5507 epla
433 5449 485 5494 etc.
500 5447 605 5493 tantum
619 5441 738 5498 serravit
751 5443 814 5505 cod.
829 5445 917 5516 Lang-

143 5523 174 5592 11)
192 5523 254 5578 Alia
270 5541 367 5576 manus
381 5523 541 5594 adscripsit:
568 5523 663 5581 16⁴7.
683 5526 842 5595 (exhibitum
854 5527 883 5583 iu
896 5529 943 5585 lib.
953 5528 1023 5600 Vh).
