4882 6426
188 329 294 493 {2¹ss
335 264 356 291 '⁴
679 389 681 393 ,
785 304 1441 405 ιιιιιιινιιιιιιιιι.
1496 335 1626 413 1546

239 526 289 596 ’.4
322 527 426 693 Mitpt
430 526 569 695 dCorrlato
593 533 833 612 propositiones,
866 547 899 596 ut
921 534 1001 595 ιε’·
980 558 1019 597 ιιι
1039 539 1073 598 in
1098 542 1292 661 promotione
1315 544 1475 609 doctorum
1499 549 1680 631 disputetur.
1714 588 1766 601 —
1817 553 1907 619 Alter
1932 581 2087 625 curremus
2110 569 2231 629 somnii

403 655 427 692 ιι
450 635 544 694 entiui

254 736 287 799 6.
323 729 505 796 inchoantur
522 736 673 818 colloquia
689 734 902 817 theologorum
917 742 1114 802 inconvento
1130 739 1246 806 Ratisb.
1257 751 1341 824 ,ubi
1355 748 1526 813 Maloendo
1541 754 1672 836 disputat
1687 758 1723 819 de
1740 756 1964 823 iustificatione.

232 844 289 904 10.
323 833 471 918 Georgius
486 834 585 898 Masor
600 840 722 916 prohxe
737 842 857 919 sorrbrt,
885 843 959 927 qurd
973 856 1074 903 actum
1089 849 1128 905 sit
1141 842 1336 914 Ratisbouae.

231 947 288 1007 13.
321 939 428 1003 Monet
444 938 641 1001 Matthesium
654 953 689 999 ut
705 955 790 1002 caute
807 956 905 1006 mutet
920 949 993 1006 ritus
1009 948 1234 1016 ecclesiasticos.

230 1050 288 1112 15
321 1040 470 1104 Latiares
490 1046 627 1103 moritur.

230 1152 287 1214 19
321 1144 498 1208 Melanthon
511 1149 621 1225 accipit
637 1139 728 1204 lonae
741 1148 900 1226 epistolam
914 1147 951 1208 de
965 1161 1062 1212 morte
1077 1146 1209 1213 Lutheri
1219 1156 1379 1238 ,eiusque
1393 1158 1511 1218 obitum
1525 1159 1635 1223 iudicat
1651 1164 1861 1273 auditoribus
1852 1190 1883 1229 ιι
1901 1169 2012 1230 schola.

231 1254 289 1316 20.
321 1245 452 1311 Lutheri
465 1270 575 1329 corpus
592 1245 702 1307 Halam
718 1247 887 1309 advehitur.

230 1357 288 1418 21.
322 1349 451 1413 Senatus
471 1350 673 1424 Academiae,
707 1353 867 1430 interprete
889 1347 1105 1433 Melanthona,
1132 1356 1245 1420 iudicat
1262 1358 1427 1437 funeralis,
1460 1367 1570 1446 quibus
1590 1361 1720 1428 Lutheri
1742 1390 1851 1451 corpus
1872 1372 2085 1451 excipiendum
2109 1376 2157 1436 rit
2180 1412 2229 1425 -

373 1449 503 1515 Lutheri
518 1474 627 1533 corpus
640 1449 844 1533 Kambergam
857 1457 950 1514 venit.

232 1559 289 1621 22.
322 1555 394 1620 Post
410 1557 566 1617 meridiem
581 1551 710 1615 Lntheri
726 1560 852 1616 exuviae
867 1555 1042 1618 adferuntur
1056 1556 1267 1643 Witebergam
1281 1572 1312 1622 et
1327 1583 1435 1645 corpus
1449 1569 1626 1671 reponitur'
1617 1591 1650 1628 ιι
1664 1567 1797 1633 Ecclesia
1810 1578 1894 1634 ιιιιι.
1947 1570 2123 1636 Melanthon
2140 1577 2230 1637 habet

379 1665 544 1720 orationem
560 1661 593 1718 in
607 1652 737 1718 Lutheri
749 1656 907 1719 honorem.
980 1661 983 1665 ’

199 1765 287 1828 Mart.

255 1876 286 1934 1.
322 1865 527 1928 Melanthonis
544 1869 639 1926 oratio
653 1867 685 1924 in
704 1863 809 1924 funere
824 1859 955 1925 Lutheri
969 1867 1122 1928 recuditur
1135 1861 1280 1950 Lipsiae,
1306 1875 1357 1931 oui
1372 1867 1448 1937 Mel.
1465 1875 1612 1957 quaedam
1628 1877 1753 1947 addidit.

323 1968 504 2033 Consolatur
518 1965 714 2048 Myconium,
740 1970 832 2027 morti
847 1971 1033 2047 proximum.

255 2076 289 2138 6.
322 2071 463 2153 Princeps
484 2067 605 2131 Elector
627 2073 721 2130 literis
743 2083 901 2130 monuerat
920 2067 1167 2149 Melanthum,
1195 2068 1398 2135 Peneum
1419 2088 1448 2136 et
1464 2074 1679 2163 Crucigerum,
1713 2096 1746 2144 ut
1770 2106 1888 2147 causam
1910 2081 2038 2145 Lutheri
2059 2099 2228 2148 constanter

372 2194 458 2256 agere
476 2183 649 2254 pergereut3
675 2175 725 2232 oui
739 2172 876 2251 theologi
891 2173 1090 2253 respondent,
1117 2197 1147 2233 se
1162 2174 1221 2234 hoc
1237 2176 1317 2235 bona
1332 2176 1390 2236 lide
1404 2178 1535 2242 liacturos
1549 2207 1622 2248 esse.
1995 2161 1998 2166 .

220 2273 290 2355 (6.)
324 2275 394 2337 Mel.
410 2279 513 2337 scribit
527 2277 749 2356 propositiones
765 2285 867 2334 contra
883 2271 1060 2335 Malveudae
1076 2280 1253 2337 sententiam
1268 2277 1306 2337 de
1318 2281 1539 2344 iustificatione.

256 2382 288 2444 8·
322 2377 417 2440 Mittit
434 2381 654 2460 propositiones
671 2389 774 2437 contra
789 2373 991 2440 Malveudam.

253 2484 286 2545 9.
323 2479 446 2561 Accipit
463 2500 541 2541 nova
555 2479 712 2556 mandata,
739 2499 755 2537 a
771 2475 880 2540 Catulo
894 2476 1019 2539 Caesare
1035 2480 1068 2538 in
1082 2492 1233 2542 conventu
1247 2481 1325 2543 data.

229 2587 285 2646 12.
321 2581 417 2645 Mittit
431 2583 573 2664 Ziglero,
595 2581 741 2661 theologo
758 2575 860 2662 Lipa,
883 2585 1049 2642 orationem
1061 2588 1130 2670 περὶ
1148 2584 1264 2671 ratgar,
1295 2586 1347 2648 aad
1362 2589 1576 2671 ήῃμρῑιοςο,

208 2682 286 2743 med.
322 2685 552 2748 Reousationem
567 2687 676 2744 concili
691 2681 862 2745 Tridentini
875 2687 966 2744 latine
982 2686 1080 2744 vertit.

323 2787 463 2870 Princeps
476 2785 597 2849 Elector
611 2788 712 2861 iubet,
737 2798 770 2846 ut
784 2788 866 2845 missi
882 2789 919 2846 ab
933 2808 970 2847 eo
987 2791 1019 2847 in
1033 2800 1218 2848 warantum
1236 2788 1363 2851 (ιοιιιιιιι
1378 2791 1508 2856 redeant.

226 2900 287 2961 20.
320 2888 454 2953 Buoems
467 2890 528 2951 abit
543 2911 582 2949 ex
597 2899 748 2949 conventu
763 2885 879 2954 Ratisb.

225 2999 285 3064 25.
318 2992 472 3057 Praefatur
485 2998 518 3053 in
532 2988 662 3053 Lutheri
678 2994 895 3051 enarrationem
909 2986 1022 3051 Psalmi
1037 2990 1161 3051 ιιιιιιιιι
1175 3011 1192 3052 a
1207 2989 1284 3055 Vito
1298 2991 1462 3060 Theodoro
1476 2998 1596 3059 editam.

226 3101 285 3165 28.
320 3092 481 3179 Philippus
496 3091 704 3174 Landgravius
720 3106 763 3152 est
775 3093 857 3173 apud
871 3088 1015 3155 Carolrma
1031 3088 1187 3154 Creusam
1200 3091 1317 3178 Spirae.

317 3194 497 3273 Melanthon
511 3218 528 3258 a
540 3193 682 3276 Principe
697 3193 832 3255 Palatino
847 3206 971 3256 vocatur
987 3193 1228 3276 Heidelbergatn.

320 3299 473 3363 Praefatur
486 3304 518 3360 in
537 3296 736 3379 Cantagieseri
755 3298 988 3378 disputationem
1002 3296 1040 3358 de
1055 3294 1260 3361 Matrimonia.

187 3406 285 3492 ripn

252 3518 282 3577 1.
323 3504 516 3571 Conveniunt
529 3509 619 3584 legati
634 3502 866 3565 Protestantinm
883 3499 1084 3563 Wormatiae.
1138 3501 1362 3584 (Discesserunt
1378 3492 1485 3577 (1323.
1506 3507 1600 3590 Apr.)

249 3614 283 3678 4.
321 3606 393 3668 Fere
407 3608 466 3668 hoc
481 3607 529 3668 die
543 3602 652 3687 Georg.
669 3602 768 3666 Maior
779 3628 819 3665 ex
831 3618 985 3666 conventu
999 3609 1082 3666 venit
1097 3603 1331 3690 Wittebergam.

250 3722 283 3780 7.
319 3708 475 3787 Myconius
491 3712 627 3769 moritur.

250 3822 281 3883 8.
319 3811 440 3874 Tertius
454 3831 607 3872 consessus
623 3811 744 3869 concilii
760 3805 942 3868 Tridentini.

226 3926 282 3987 12.
319 3913 393 3978 Fere
408 3915 468 3975 hoc
484 3914 533 3973 die
547 3909 619 3973 Mel.
637 3911 807 3971 academiae
824 3907 962 3969 Francoi'.
980 3910 1082 3969 scribit
1098 3909 1136 3970 de
1149 3914 1344 3991 poenitentia.

159 4067 171 4089 ,
224 4026 281 4089 16.
318 4014 527 4091 Hermerotis,
554 4013 812 4093 Archiepiscopus
828 4010 1038 4088 Coloniensis,
1066 4017 1344 4075 excommunicatur
1360 4035 1378 4074 a
1394 4011 1485 4096 Papa.

227 4127 283 4188 17.
318 4122 487 4182 Fridericus
501 4114 667 4196 Staphylus
681 4119 810 4176 mittitur
826 4118 857 4175 iu
873 4113 1071 4174 Academiam
1082 4112 1364 4195 Ragiomontaaam.

319 4221 393 4289 Mel.
409 4234 508 4282 narrat
523 4220 677 4280 historiam
693 4216 729 4277 de
743 4221 945 4278 internecione
959 4213 1071 4279 Diazii.

223 4337 282 4399 20.
319 4325 510 4405 Hamburgae
524 4322 692 4404 disputatur
710 4321 747 4379 de
763 4320 904 4381 descensu
919 4316 1031 4381 Christi
1047 4320 1084 4379 ad
1100 4313 1226 4383 iul'eros.

225 4440 283 4500 80.
319 4425 392 4490 Mel.
405 4427 513 4490 indicit
529 4427 744 4485 enarrationem
762 4427 905 4504 epistolae
921 4422 957 4481 ad
972 4418 1136 4483 Romanos.

193 4536 225 4598 h.
243 4557 283 4595 m.
318 4528 471 4593 Iudicium
483 4528 697 4608 theologorum
712 4526 842 4586 debello
857 4544 925 4585 oum
941 4522 1074 4586 Caesare.

202 4634 285 4699 Maio

227 4740 284 4806 tt.
318 4738 392 4801 Mel.
408 4738 445 4799 ad
458 4735 500 4797 V.
516 4733 732 4796 Theodorum:
762 4779 782 4809 „
792 4729 978 4794 circumfero
994 4731 1127 4792 assiduos
1142 4735 1289 4791 cruciatus
1304 4732 1365 4790 iam
1382 4741 1513 4811 quatuor
1527 4729 1680 4788 meassibus
1694 4725 1865 4783 excalculo
1881 4717 1995 4785 ortos.''

203 4842 283 4903 mad.
317 4841 471 4921 Theologi
483 4836 616 4901 Wineb.
632 4836 813 4917 respondent
828 4834 864 4893 ad
881 4838 1105 4917 quaestionem:
1132 4854 1170 4893 au
1184 4835 1373 4916 colloquium
1389 4831 1427 4892 de
1442 4830 1589 4910 religione
1603 4834 1712 4891 iterum
1728 4824 1930 4886 inchoandum
1947 4831 1997 4890 sit.

226 4949 281 5011 19·
316 4941 453 5025 Lipsiam
469 4943 666 5023 proficiscitur
679 4939 715 4999 ad
731 4936 888 4997 nundinas.

316 5045 385 5108 Hoc
398 5059 534 5125 tempora
548 5041 675 5105 Carolus
689 5038 855 5121 imperator
871 5042 954 5098 venit
969 5035 1175 5099 Ratisbonam.

223 5156 282 5223 26.
314 5147 474 5211 Mauritius
490 5144 565 5207 Dux
581 5141 653 5206 Sex.
669 5148 751 5204 seuit
770 5140 976 5203 Ratisbonam.

222 5261 281 5323 26,
314 5251 395 5312 Frid.
412 5246 578 5330 Staphylus
594 5246 820 5307 commendatur
836 5240 979 5319 Alberto,
994 5240 1088 5303 Daci
1103 5241 1205 5304 Prusa.

220 5363 280 5424 st.
313 5351 410 5415 Mittit
426 5355 558 5433 pagellas
575 5349 611 5410 de
626 5334 765 5409 confessu
780 5349 868 5406 tertio
882 5341 1002 5427 Synodi
1016 5343 1152 5406 Trident.

312 5454 411 5517 Habet
442 5458 566 5515 tutelam
590 5453 753 5512 liberorum
774 5446 918 5520 lutheri,
958 5440 1176 5509 eoias'ridure
1195 5441 1340 5526 Princeps
1361 5438 1483 5505 Elector
1504 5439 1566 5501 duo
1590 5440 1688 5498 miliia
1710 5453 1870 5495 aureorum
1895 5434 1984 5496 donat
2004 5439 2042 5500 ad
2063 5440 2221 5500 nuendum
2282 5488 2288 5501 .

359 5558 499 5620 fundum.
