1477 1783
229 160 266 179 ⁸9³

436 200 472 225 (N.
484 200 521 225 N.)

230 234 291 257 Grata
300 243 325 257 est
334 239 386 257 nobis
394 239 517 257 benevolentia
528 242 584 257 vestra
594 244 634 261 erga
644 244 677 256 nos
686 244 726 261 per-

230 269 293 288 petua,
306 271 359 288 quam
369 271 409 282 cum
421 265 461 282 aliis
472 265 533 282 multis
546 264 609 282 officiis
620 264 726 283 declarastis,

230 293 269 308 tum
277 296 319 308 veru
328 294 345 308 et
357 289 389 308 hac
399 290 519 308 sollicitudine
530 291 551 307 de
563 290 627 307 nostris
639 289 727 312 periculis,

230 322 283 339 quam
299 316 352 333 nobis
367 316 483 338 significastis.
509 315 568 338 Quare
581 315 645 337 gratias
659 314 726 337 agimus

230 341 290 362 vobis,
303 344 321 358 et
328 345 410 364 optamus
418 341 464 359 inter
475 347 507 359 nos
517 345 609 359 aeternum
616 341 637 358 de
646 340 726 357 doctrina

231 372 337 384 consensum
353 370 369 384 et
382 367 493 384 voluntatum
509 366 652 384 coniunctionem
664 372 726 388 perpe-

230 395 280 409 tuam
289 398 330 410 esse.
352 392 404 410 Scitis
412 392 459 409 enim
468 391 550 409 Ecclesiis
558 398 626 414 semper
633 392 726 409 salutarem

230 423 267 435 ure
277 417 390 434 concordiam
401 421 418 435 et
428 417 522 435 amicitiam
534 417 641 435 docentium.
665 416 689 434 Et
700 422 727 433 res

230 442 268 465 ipsa
286 443 305 460 in
321 442 350 460 his
366 443 468 465 regionibus
484 443 571 464 ostendit,
588 442 654 460 teneris
669 441 727 459 adhuc

229 467 314 485 Ecclesiis
326 468 407 485 fovendis
419 469 495 486 multum
507 469 594 491 profuisse
604 468 689 485 amicitias
697 473 727 484 eo-

230 499 280 514 rum,
293 493 324 516 qui
333 494 402 511 docent.
429 493 456 511 De
463 494 527 511 itinere
535 497 594 511 autem
605 499 653 511 nune
662 493 727 513 scitote,

231 525 265 536 nos
281 518 355 536 honesto
373 523 390 536 et
407 520 436 541 pio
451 519 526 537 consilio
544 520 565 536 ad
581 519 727 536 deliberationem

231 545 330 567 quandam,
343 545 372 562 cui
382 548 399 562 et
410 545 441 562 alii
453 545 500 562 docti
512 548 529 562 et
540 544 583 562 boni
597 544 631 561 viri
642 544 727 561 interfue-

231 568 296 593 ronst),
308 574 433 593 vocatos—esse,
444 576 497 593 quam
507 575 596 592 speramus
604 569 728 593 tranquillitati

230 594 350 612 Ecclesiarum
366 595 385 612 in
399 594 427 613 liis
439 596 542 618 regionibus
559 595 670 618 profuturam
687 600 729 612 esse.

231 619 350 643 lntelligimus
365 624 424 638 autem
440 625 456 639 et
467 620 569 639 Electum„
584 619 699 638 Saxonicum
712 623 729 637 et

230 646 296 663 multos
308 650 414 668 praestantes
426 647 473 664 viros
484 647 552 668 anniti,
569 649 589 663 ut
602 646 625 664 ita
639 646 728 663 communi

231 671 271 694 paci
277 672 384 692 consulatur,
396 678 419 689 ne
425 671 513 689 Ecclesiae
521 671 584 689 harum
592 672 684 694 regionum
691 675 729 688 tur-

231 696 297 714 bentur
306 701 322 714 et
334 697 389 719 caligo
403 697 496 715 inducatur
505 698 596 715 doctrinae
609 697 631 714 de
643 703 684 714 vera
695 696 728 713 Dei

231 722 348 739 invocatione.
375 722 410 745 Sed
420 722 467 740 Deus
478 723 556 740 orandus
567 726 602 743 est,
614 726 633 740 ut
643 723 729 744 gubernet

230 747 304 764 consilia
317 748 427 770 principum,
440 748 481 771 quia
493 748 549 765 multa
560 751 601 766 sunt
612 748 689 770 exempla
698 753 728 764 ve-

230 776 268 790 tera
276 776 293 790 et
301 773 376 790 recentia
382 787 387 794 ,
401 780 444 796 quae
452 774 557 795 ostendunt,
570 779 621 796 saepe
632 772 728 790 humanam

231 798 335 821 sapientiam
349 798 436 816 inflexisse
449 799 543 821 religiones
554 799 576 816 ad
588 802 666 821 tempora
677 801 693 815 et
706 798 726 815 ad

231 829 272 841 eum
283 827 357 844 statum,
370 824 401 847 qui
415 830 424 841 a
440 825 541 846 potentibus
553 825 601 842 visus
612 828 637 841 est
649 830 729 841 commo-

231 849 277 867 dior.
306 848 389 872 Episcopi
405 850 480 872 superbe
494 850 633 872 responderunt,
651 855 669 866 se
684 849 728 866 velle

231 870 303 898 quidem
309 873 328 897 ¹),
342 878 362 892 ut
368 873 473 892 schismatici
481 874 594 893 retrahantur
602 875 620 892 in
628 875 674 892 viam
683 881 728 898 quo—

230 900 279 917 niam
296 900 359 922 possit,
376 901 405 917 sed
419 906 437 917 se
452 900 498 918 nihil
514 901 532 918 in
545 901 581 918 suis
595 901 697 923 regionibus
711 903 727 917 et

230 925 328 942 ditionibus
344 929 443 943 mutaturos
459 932 501 944 esse.
526 926 605 946 Deinde,
621 930 641 944 ut
654 926 693 948 plus
705 925 727 943 sit

230 951 367 972 discordiarum,
378 952 479 973 petiverunt
486 952 565 972 concedi,
577 955 597 969 ut
604 952 650 969 inter
658 955 727 968 nostros

230 975 281 992 liceat
290 976 316 992 uti
324 976 397 997 ritibus,
410 982 454 999 quos
462 977 495 999 ipsi
504 977 590 999 probant,
602 977 616 993 si
625 976 656 999 qui
665 982 726 993 eorum

230 1000 330 1017 doctrinam
338 1004 354 1017 et
363 1001 472 1018 ceremonias
480 1002 535 1024 inagis
543 1005 608 1020 amant.
626 1001 678 1019 Talia
686 1007 726 1018 cum

230 1025 307 1048 episcopi
320 1030 388 1048 petant,
405 1027 485 1044 nondum
500 1033 562 1049 magna
577 1033 616 1050 spes
629 1030 662 1047 est,
678 1025 726 1043 hune

230 1054 338 1068 conventum
351 1051 474 1073 Augustanum
489 1053 587 1075 pariturum
604 1058 640 1069 esse
655 1058 725 1069 auream

229 1079 304 1094 aetatem
319 1077 383 1094 nostris
396 1076 489 1097 Ecelesiis,
500 1081 520 1095 ut
530 1077 602 1101 aliqui)
614 1078 726 1100 seripserunt.

230 1101 265 1119 Sed
278 1108 310 1119 nos
322 1101 354 1119 hac
367 1103 487 1120 consolatione
502 1106 628 1120 sustentemus:
641 1103 688 1126 quod
701 1106 727 1120 est

228 1133 249 1144 ex
257 1127 295 1144 Deu
307 1133 343 1144 non
352 1128 468 1149 dissolvetur,
481 1128 533 1145 etiam
547 1128 561 1145 si
570 1129 638 1146 duriter
647 1128 726 1146 concuti-

229 1155 264 1170 tur.
291 1152 337 1170 lllud
346 1153 398 1170 etiam
405 1153 495 1174 faciamus,
508 1154 652 1171 coniunctionem
661 1157 678 1171 et
686 1160 726 1171 sen-

229 1178 324 1195 tentiarum
334 1182 350 1195 et
358 1179 470 1197 voluntatum
478 1185 520 1197 vera
529 1180 593 1202 pietate
600 1183 690 1200 tueamur,
702 1179 726 1196 si-

228 1207 259 1220 cut
266 1203 313 1220 filius
321 1204 353 1221 Dei
363 1208 444 1226 precatur
452 1208 528 1227 patrem,
540 1208 560 1222 ut
568 1205 629 1226 saciat,
643 1208 662 1222 nt
670 1211 725 1222 uuum

228 1228 284 1246 rimus
292 1229 310 1246 in
318 1228 362 1248 Deo.
388 1229 436 1247 Bene
444 1230 505 1247 valete.
528 1230 601 1249 calend.
609 1230 665 1251 Maii,
678 1236 726 1248 anno

230 1253 285 1271 1⁵48.

615 1280 649 1299 Ph.
657 1281 684 1300 M.

245 1353 259 1370 ι)
268 1352 370 1370 masuerum]
379 1353 410 1367 mo.
418 1353 459 1368 onis.
467 1354 496 1368 ιω.
504 1354 587 1368 tammum.

243 1377 262 1395 ι)
270 1378 333 1394 quedem]
342 1378 373 1392 2011,
380 1378 435 1393 Mon-e.
442 1379 463 1393 se.
470 1379 510 1393 insen
517 1382 547 1397 pon
556 1380 618 1396 merse.

244 1402 259 1420 s)
269 1403 290 1417 ιο.
299 1403 367 1421 Agricola.

519 157 737 178 EPISTOLARUM
766 157 819 177 LIB.
826 150 859 177 xl.
884 157 927 177 164
934 158 952 178 θ.

1214 158 1251 178 894

758 200 791 219 No.
802 200 859 220 4225.
1175 204 1190 220 ι.
1200 202 1243 219 Man.

755 225 862 235 m
1168 226 1246 232 Ἀ,-

913 248 953 269 ΤῙι.
971 248 1090 271 Cranmero.

786 288 881 323 εᾞιὲὲῗη.
890 293 904 306 p.
911 288 941 302 5⁵5.
952 288 995 306 rpzn.
1005 288 1028 302 ia..
1035 289 1044 303 ι,
1054 293 1068 307 ρ.
1076 289 1105 303 1⁷1.
1118 288 1146 306 (ια.
1153 288 1199 302 Lon-¹.
1207 288 1248 303 nm.
1265 309 1270 313 .

766 338 867 358 Thomu
880 339 973 364 Episcopo
986 337 1121 358 cantuariensi
1132 339 1152 357 in
1163 338 1235 363 Anglia

752 373 774 395 S·
788 377 811 396 D.
839 377 943 396 Reverende
958 378 1041 398 domine,
1060 378 1116 395 literis
1131 384 1175 401 quas
1189 376 1248 395 Iona:

753 403 799 420 filius
811 404 833 420 de
842 409 922 421 sermone
933 408 964 421 tuo
974 403 1018 421 mihi
1027 404 1105 427 scripsit,
1118 407 1158 421 ante
1170 409 1248 420 inensem

753 429 842 451 respondi.
867 428 908 451 Quo
917 429 984 446 diutius
995 433 1053 446 autem
1066 430 1087 446 de
1096 432 1152 446 vestra
1161 429 1248 446 delibera-

753 454 810 475 tione,
823 460 857 477 qua
865 454 914 471 nulla
923 455 994 477 gravior
1001 458 1017 472 et
1025 455 1079 477 magis
1088 454 1185 472 necessaria
1191 454 1210 471 in
1219 459 1248 476 ge-

753 486 795 497 nere
807 478 884 497 humano
894 480 964 497 institui
975 483 1041 503 potest,
1054 480 1120 502 cogito,
1132 485 1153 497 eo
1165 480 1220 502 magis
1232 482 1249 497 et

753 509 805 528 opto,
819 508 836 522 et
847 511 877 522 vos
885 504 1006 523 adhortandos
1018 511 1054 523 esse
1062 511 1133 526 censeo,
1145 508 1166 523 ut
1177 505 1199 522 de
1207 505 1249 522 uni-

753 536 803 547 verso
812 530 902 548 doctrinae
911 537 984 553 corpore
991 531 1046 548 edatis
1054 531 1182 548 consessionem
1189 536 1249 547 veram

753 559 770 573 et
778 556 898 579 perspicuam,
912 556 980 573 collatis
991 556 1061 573 iudiciis
1070 556 1191 577 eruditorum,
1204 562 1249 579 qno-

754 588 794 598 rum
805 585 823 598 et
830 581 902 598 nomina
910 582 1042 603 adscribantur,
1055 585 1075 599 nt
1083 582 1129 604 apud
1137 587 1199 598 omnes
1206 587 1249 603 gen-

754 611 778 625 tes
792 610 837 624 extet
852 607 920 624 illustre
934 607 1055 625 testimonium
1070 608 1091 624 de
1105 607 1185 624 doctrina
1200 606 1249 629 gravi

754 632 848 650 autoritate
859 632 952 654 traditum,
964 636 981 650 et
992 636 1012 650 nt
1024 633 1116 656 posteritas
1127 638 1208 650 normam
1217 630 1250 649 ha-

753 658 802 679 beat,
816 664 868 681 quam
877 661 965 681 sequatur.
991 657 1026 675 Nec
1034 664 1076 675 vero
1088 658 1164 675 multum
1172 657 1249 675 dissimi-

754 683 775 700 lis
791 689 811 700 ea
825 683 910 700 consessio
923 687 993 700 nostrae
1007 684 1039 701 erit
1052 684 1120 704 sutura,
1138 683 1168 700 sed
1185 688 1250 706 paucos

754 709 839 732 quosdam
855 709 938 726 articulos
954 709 1007 726 velim
1019 712 1078 726 extare
1092 709 1114 726 ad
1130 708 1249 731 posteritatem

754 734 808 756 magis
821 734 925 756 explicatos,
935 740 958 751 ne
967 734 1090 756 ambiguitates
1102 738 1161 757 postea
1172 733 1250 751 occasio-

753 765 794 776 nem
804 760 898 782 praebeant
906 760 957 777 novis
965 760 1048 778 dissidiis.
1074 759 1126 777 Nune
1136 763 1154 777 et
1162 765 1172 776 a
1180 757 1250 776 Carula

754 784 861 807 Imperatore
874 785 963 807 proposita
975 789 1000 802 est
1013 785 1109 802 moderatio
1121 784 1249 802 controversia-

754 816 803 831 rum,
816 816 869 833 quam
880 810 959 827 fortassis
970 811 1049 828 editurus
1062 814 1098 831 est,
1111 811 1141 827 sed
1153 810 1194 833 quia
1206 815 1250 827 con-

754 836 826 857 iungere
836 836 941 853 dissidentes
952 839 1036 857 conatur,
1050 836 1103 859 idque
1114 842 1135 853 eo
1146 836 1200 853 modo
1211 834 1249 852 fieri

753 867 804 884 posse
817 861 914 882 existimat,
931 861 987 884 posita
999 861 1058 884 aliqua
1069 861 1147 884 generali
1157 860 1249 881 sententia,

753 893 805 909 quam
815 892 866 903 nemo
879 890 951 909 propter
962 887 1093 909 generalitatem
1106 886 1177 904 reiicere
1189 885 1249 909 possit,

753 910 849 929 cothurnos
860 912 910 932 tacit,
926 912 957 935 qui
969 918 1024 930 novas
1035 913 1132 930 discordias
1144 912 1249 932 excitabunt,

752 941 769 954 et
777 938 862 961 quaedam
871 937 932 955 intexit
940 938 1063 955 confirmatura
1072 938 1142 955 abusus.
1158 937 1180 955 In
1187 936 1249 954 Eccle-

752 963 777 979 sia
785 963 849 980 rettius
857 966 891 983 est,
902 962 991 985 scapham,
1003 962 1085 986 stapham
1093 963 1161 984 dicere,
1173 969 1206 980 nec
1214 962 1247 979 ob-

752 988 804 1005 iicere
812 988 886 1010 posteris
894 988 976 1010 ambigua
985 989 1037 1008 dicta,
1050 992 1070 1006 ut
1078 989 1096 1005 in
1105 988 1170 1006 fabulis
1178 988 1248 1008 dicitur,

752 1019 824 1035 pomum
838 1011 898 1036 ἔριδος
912 1013 1000 1031 obiectum
1012 1020 1048 1031 esse
1059 1014 1125 1031 deabus
1136 1014 1155 1031 in
1165 1013 1247 1031 convivio

752 1038 859 1056 sedeutihus.
884 1038 904 1056 Si
913 1038 930 1055 in
940 1037 1043 1056 Germania
1052 1043 1152 1056 nostrarum
1159 1038 1247 1056 Ecclesia-

752 1069 791 1081 rum
800 1069 896 1081 consensus
903 1064 971 1086 integer
979 1064 1045 1085 suisset,
1057 1064 1076 1082 in
1085 1063 1116 1082 has
1123 1064 1202 1082 miserias
1210 1070 1246 1081 non

752 1089 880 1107 incidissemus.
906 1089 1014 1112 Magnopere
1022 1090 1076 1112 igitur
1084 1093 1101 1107 te
1110 1088 1178 1110 hortor,
1190 1093 1210 1107 ιιι
1219 1089 1247 1106 in-

751 1115 823 1132 cumbas
834 1114 852 1131 in
864 1113 909 1132 hanc
917 1121 977 1132 euram
986 1118 1004 1133 et
1011 1115 1146 1138 cogitationem,
1158 1119 1178 1133 nt
1185 1114 1246 1132 Eccle-

751 1140 781 1157 siis
789 1146 829 1157 vere
837 1140 944 1159 consulatur.
965 1140 985 1158 Si
993 1146 1051 1158 meum
1060 1141 1145 1158 iudicium
1154 1147 1174 1158 ac
1182 1140 1246 1158 suffra-

751 1166 799 1188 gium
809 1165 861 1183 etiam
877 1166 987 1188 flagitamus,
1002 1166 1078 1184 libenter
1092 1170 1109 1184 et
1119 1166 1190 1184 audiam
1202 1166 1246 1183 alios

751 1191 811 1208 doctos
823 1191 880 1211 viros,
894 1195 910 1208 et
922 1191 979 1209 dicam
992 1192 1028 1215 ipse
1037 1192 1141 1209 sententiam
1151 1198 1190 1209 meo
1202 1191 1247 1212 loco,

751 1220 768 1234 et
782 1216 879 1234 sententiae
891 1222 950 1234 causas
964 1218 1066 1237 ostendam,
1081 1216 1104 1234 τὰ
1117 1215 1153 1240 μὲν
1166 1216 1245 1238 πείθων,

750 1240 795 1259 τάδε
806 1240 926 1264 πειθόμενος,
944 1245 964 1260 ut
976 1242 1025 1265 decet
1037 1243 1056 1259 in
1068 1243 1157 1266 colloquio
1170 1243 1246 1266 piorum.

751 1266 828 1285 Vincunt
835 1271 894 1284 autem
901 1273 971 1290 semper
978 1268 1047 1289 veritas,
1059 1268 1115 1290 gloria
1122 1267 1163 1290 Dei,
1174 1271 1192 1286 et
1199 1268 1246 1285 salus

750 1291 848 1313 Ecclesiae,
863 1298 899 1309 non
909 1293 972 1315 privati
980 1293 1052 1310 affectus
1061 1293 1100 1311 ulli.

801 1317 852 1334 Hanc
864 1317 963 1340 Epistulam
977 1318 1018 1335 dedi
1030 1317 1112 1336 Eusebio
1122 1317 1196 1340 Maio,
1209 1319 1245 1336 filio

750 1341 802 1360 Iusti
812 1341 883 1364 Menti,
896 1344 927 1366 qui
938 1342 1025 1361 Ecclesia·
1039 1344 1057 1361 in
1069 1344 1136 1362 ditione
1147 1344 1202 1362 Ducis
1212 1344 1245 1362 Sa-

750 1368 813 1385 xoniae
824 1366 919 1385 Iohannis
930 1367 1025 1386 Friderici
1033 1370 1065 1387 diu
1074 1369 1103 1392 pie
1114 1369 1168 1391 rexit,
1185 1373 1202 1387 et
1213 1370 1246 1387 ad-

750 1392 785 1411 huc
794 1394 842 1416 regit,
854 1398 871 1412 et
877 1394 965 1417 praeclare
973 1395 1034 1412 doctus
1042 1398 1067 1412 est
1075 1395 1093 1412 in
1100 1395 1170 1412 coelesti
1178 1395 1244 1412 doctri-

750 1425 773 1436 na
784 1423 801 1437 et
809 1418 934 1443 Philosophia,
947 1423 964 1437 et
975 1420 1030 1438 multa
1041 1420 1111 1443 scripsit
1122 1420 1173 1438 utilia
1184 1419 1245 1438 Eccle-

750 1445 792 1466 fliae,
802 1451 878 1469 eumque
886 1445 968 1463 viciniam
978 1444 1059 1467 habebat,
1069 1446 1088 1463 in
1096 1452 1130 1469 qua
1138 1446 1189 1464 multi
1198 1446 1245 1464 idola
