4882 6426
194 287 270 363 sot

196 460 398 536 florentem.
459 459 572 534 Datae
607 462 843 554 Witehergae
880 462 1048 540 1311111
1082 460 1191 535 Anno

200 558 310 636 1546.
516 561 879 636 Celsitudinivestrae

789 667 1054 738 addictissimus

704 763 893 860 Philippus
915 762 1140 843 Melanthou.

210 1069 402 1145 No.'3515.

202 1169 415 1206 m

1037 1082 1094 1144 18.
1110 1074 1174 1139 lut.

1010 1166 1181 1196 Μ

539 1239 862 1323 Testimonium.

264 1408 286 1472 1·
302 1403 342 1458 Er
357 1400 514 1474 apographo
527 1400 555 1454 11
569 1401 633 1457 cod.
644 1401 757 1459 Monac.
770 1400 813 1458 90.
832 1401 884 1456 No.
899 1399 958 1456 Vll.
976 1418 1003 1472 p.
1016 1398 1102 1453 sssb.

197 1553 466 1628 Testimonium
517 1543 740 1727 ⁰⁰³ssf'l.
769 1549 962 1624 Beckers
1007 1547 1189 1648 Frcysto-

644 1679 770 1726 131313.

196 1793 275 1882 Hic
294 1810 496 1880 adolescens
514 1793 709 1901 Casparus
726 1798 873 1889 Becker,
898 1799 1188 1896 Freystadiensis,

195 1914 321 2008 petivit
341 1937 360 1981 a
384 1911 488 1979 uobis
511 1906 753 1978 testimonium
777 1908 822 1974 de
836 1905 962 1975 studiis
979 1916 1012 1974 et
1028 1902 1187 1973 moribus

197 2017 288 2102 suis,
314 2015 410 2107 quod
435 2009 508 2080 non
532 2008 698 2078 duximus
718 2007 750 2074 ci
769 2008 982 2095 negandum.
1032 2002 1187 2096 Compe-

196 2121 309 2189 rimus
335 2115 429 2184 enim
455 2110 588 2182 313113
605 2111 907 2200 praeceptoribus,
934 2129 1013 2176 eum
1028 2107 1186 2175 modeste

195 2216 264 2290 hoc
289 2219 415 2287 vixisse
438 2216 481 2282 ad
504 2212 708 2295 biennium,
740 2210 834 2280 etin
858 2209 986 2280 studiis
1002 2206 1185 2276 literarum

195 2346 271 2392 uon
301 2319 416 2390 solum
443 2313 663 2404 diligentiam
685 2312 898 2401 praestitisse
922 2310 1066 2406 dignam
1089 2309 1184 2378 bono

196 2421 361 2514 ingenio,
386 2420 446 2489 scd
463 2419 567 2486 etiam
583 2415 631 2482 ita
646 2414 854 2503 profecisse,
877 2425 916 2481 ut
930 2432 1008 2502 spes
1022 2411 1080 2497 sit,
1103 2433 1184 2478 eum

195 2525 410 2618 aliquando,
435 2520 465 2587 si
481 2518 530 2586 311
547 2527 678 2608 perget,
703 2516 784 2585 usui
799 2514 1014 2605 reipublicae
1032 2527 1066 2582 et
1080 2534 1185 2580 orna·

195 2642 316 2698 mento
345 2625 432 2692 fore.
496 2617 561 2687 1113
586 2629 730 2708 propter
754 2610 846 2685 hanc
870 2637 967 2705 spem
991 2627 1023 2683 ct
1044 2637 1186 2703 operam

196 2729 288 2800 bene
311 2725 461 2819 positam
484 2720 523 2788 11
548 2718 660 2789 literis
685 2731 736 2787 est
757 2730 905 2787 ornatus
925 2715 1043 2808 primo
1064 2715 1186 2803 gradu,

197 2854 304 2926 quem
321 2825 458 2898 facilius
473 2832 683 2891 consecutus
696 2833 759 2903 est,
780 2819 874 2912 quod
890 2829 924 2886 et
937 2816 1070 2908 primas
1084 2827 1186 2899 artes,

198 2955 288 3027 quae
310 2924 482 3000 sermonis
504 2922 702 2992 doctrinam
721 2921 905 2990 continent
920 2917 1075 2987 studiose
1091 2916 1186 2985 didi-

197 3035 256 3115 cit‚
279 3047 315 3103 31
329 3026 491 3101 adiunxit
503 3026 674 3094 elementa
690 3015 941 3091 Arithmetices
956 3032 991 3088 et
1005 3018 1186 3088 doctrinae

198 3134 356 3209 coelestis
379 3133 423 3201 de
447 3121 606 3220 sphaeris
627 3138 662 3194 et
684 3147 804 3192 earum
827 3135 949 3206 motu,
977 3121 1022 3188 de
1040 3119 1187 3188 ordina-

198 3239 293 3309 tione
314 3234 420 3317 anni,
445 3232 489 3300 de
503 3243 585 3300 ortu
602 3239 637 3296 et
652 3247 776 3295 occasu
791 3225 956 3319 syderum
966 3276 981 3306 ,
1000 3223 1099 3290 aede
1115 3216 1187 3290 Ec-

198 3338 361 3433 clipsium
387 3333 536 3405 ratione.
586 3324 646 3399 Ad
667 3322 752 3396 haec
770 3339 863 3395 amat
877 3324 1073 3393 doctrinam
1089 3318 1185 3392 chri-

196 3442 346 3514 stianam
361 3437 460 3507 cuius
474 3431 592 3504 studio
607 3453 643 3499 se
658 3430 700 3498 ad
716 3429 882 3521 pietatem
898 3438 932 3495 et
946 3446 1101 3494 amorem
1117 3421 1185 3493 Dei

198 3540 375 3621 accendit,
398 3552 439 3607 ut
457 3558 535 3625 spes
553 3532 616 3616 sit,
639 3555 723 3600 eum
738 3551 879 3623 omnem
895 3525 988 3596 vitae
1004 3547 1088 3596 suas
1104 3549 1185 3594 cur-

197 3667 274 3715 sum
290 3643 335 3712 ad
348 3639 495 3728 gloriam
506 3632 573 3703 Dei
587 3647 621 3703 et
636 3632 787 3702 aliorum
803 3630 952 3700 salutem
967 3627 1185 3696 directurum

199 3766 287 3816 esset
334 3740 454 3830 Quare
477 3760 556 3806 eum
579 3734 868 3804 commendamus
890 3729 996 3800 honis
1018 3742 1055 3799 et
1072 3727 1186 3799 doctis

195 3845 304 3929 viris,
336 3856 371 3912 et
385 3838 500 3909 Deum
523 3859 727 3928 precamur,
754 3847 796 3905 ut
818 3833 856 3900 in
874 3825 931 3900 his
945 3829 1100 3901 motibus
1116 3853 1184 3921 pu·

194 3946 296 4018 blicis
320 3943 379 4035 pia
402 3940 517 4013 studia
532 3937 746 4028 reipublicae
764 3949 798 4006 et
811 3930 990 4003 Ecclesiae
1004 3931 1107 4002 utilia
1121 3931 1184 4000 be-

195 4048 300 4138 nigne
322 4055 437 4114 servet
458 4055 493 4111 31
504 4041 620 4110 [oveat
634 4038 780 4134 ubique.
812 4033 855 4109 R.
872 4031 917 4109 V.
948 4034 1007 4104 die
1024 4029 1183 4107 11111111

194 4173 287 4220 auno
305 4143 417 4218 1546.

1047 4484 1105 4546 19.
1123 4474 1182 4542 lul.

1046 4572 1183 4602 M

202 4485 271 4559 No.
285 4482 402 4559 ³516.

199 4581 409 4614 Μ

247 4653 612 4772 10.1111’]73131311
631 4653 697 4740 od
711 4648 1129 4771 Spongenberginm.

259 4823 361 4882 mm
376 4823 477 4897 rana
494 4819 597 4894 1113,
944 4790 949 4795 ’

194 4976 467 5067 0111131110,
491 4972 546 5053 D.
572 4971 758 5048 Ioanni
776 4969 1185 5073 Spargenbcrgro‚

194 5094 255 5160 stc.
278 5107 348 5156 310
379 5077 536 5157 chariss.
563 5078 603 5149 in
629 5067 788 5147 Christo
806 5073 913 5174 petri
935 5097 984 5144 oc.
1005 5068 1185 5161 Domino,

353 5178 382 5255 1
388 5204 561 5255 oannes
585 5173 937 5287 Reissenst‘oin,
957 5183 1023 5247 etc.

192 5270 363 5408 Gratim
381 5344 418 5402 et
431 5352 555 5424 pacem
571 5324 688 5398 alleo·
696 5340 815 5419 patre,
840 5338 875 5396 et
888 5321 1044 5394 Domino
1058 5334 1184 5395 nostro

191 5432 274 5509 lesu
285 5432 443 5508 Christo.
488 5428 768 5504 lucuudissimae
786 5423 877 5498 111111
892 5426 1018 5500 literae
1030 5424 1183 5499 113311-

786 290 1222 369 EPISTOLARUM
1273 293 1381 373 LIB.
1413 296 1460 372 X.
1515 295 1647 373 1546.

2164 301 2240 370 202

1245 481 1361 551 erunt,
1378 468 1578 538 doctissime
1596 491 1635 535 ac
1651 463 2141 564 clarissimeSpongenbergi.
2163 466 2236 540 Te-

1244 581 1383 638 stantur
1406 569 1521 649 enim,
1548 584 1583 640 tc
1606 569 1675 636 mei
1692 571 1917 656 memoriam,
1944 595 2013 663 qua
2029 571 2129 641 brevi
2148 595 2235 640 con-

1243 670 1441 739 versatione
1464 695 1543 740 cum
1560 666 1617 739 his
1634 694 1798 760 praesens
1813 675 1907 763 apud
1924 695 1987 741 nos
2002 695 2091 741 esses
2110 673 2237 742 uteba-

1242 771 1308 854 ris,
1332 772 1497 843 retinere.
1551 768 1681 860 Accepi
1704 775 2064 856 commendationem,
2088 776 2132 842 de
2151 768 2234 840 Bo-

1241 868 1330 940 silio
1345 865 1518 942 Michoel
1537 873 1612 941 cive
1629 867 1869 948 Northusano.
1920 872 1970 946 Et
1995 876 2089 967 quod
2113 899 2154 944 er
2176 899 2232 944 me

1242 973 1429 1044 consilium
1443 975 1666 1065 potissimum
1680 976 1835 1068 quaeris,
1861 977 2020 1065 intelligo
2035 989 2132 1045 tuam
2151 999 2231 1065 erga

1241 1098 1298 1143 me
1321 1075 1530 1144 benevolam
1548 1075 1766 1146 voluntatem
1786 1091 1821 1146 et
1837 1072 2102 1149 humanitatem.
2153 1073 2237 1166 Ego

1242 1200 1324 1244 vero
1339 1177 1404 1245 etsi
1419 1177 1565 1265 ingenui
1580 1179 1752 1248 tenu-itate
1768 1193 1801 1248 et
1816 1181 1970 1248 ruditate
1982 1194 2052 1250 tam
2070 1179 2229 1268 gravium

1242 1300 1425 1347 causarum
1458 1279 1543 1348 satis
1572 1279 1713 1347 metior:
1747 1293 1866 1349 tamen
1894 1283 2073 1372 explorato
2096 1280 2229 1349 iudicio

1241 1379 1355 1451 nostri
1370 1378 1581 1460 consistorii,
1602 1380 1781 1471 proposita
1799 1405 1899 1451 causa
1917 1382 2149 1450 confidentius
2164 1380 2230 1449 tibi

1240 1480 1396 1549 eiusdem
1422 1480 1609 1549 consilium
1635 1481 1800 1570 aperiam.
1856 1478 1976 1575 Atque
1999 1483 2102 1552 doleo
2128 1482 2233 1551 istius

1240 1582 1325 1649 boni
1341 1581 1409 1650 viri
1425 1581 1660 1652 calamitosam
1682 1583 1935 1654 conditionem.
1984 1583 2054 1655 Sed
2071 1584 2233 1673 exempla

1238 1683 1321 1763 illa,
1352 1706 1445 1751 nova
1467 1677 1527 1752 hic
1550 1683 1654 1751 nobis
1675 1707 1748 1751 non
1773 1697 1873 1770 sunt,
1909 1700 1943 1756 et
1963 1701 2080 1755 coram
2104 1698 2231 1753 nostro·

1236 1784 1409 1854 tribunali
1425 1807 1464 1851 ea
1482 1785 1604 1852 crebro
1624 1785 1869 1874 conspicimus.
1904 1785 2006 1856 Nosti
2019 1782 2083 1854 hac
2099 1786 2230 1854 mundi

1237 1899 1374 1955 senecta
1388 1880 1600 1963 Sathanam,
1630 1885 1728 1955 illius
1750 1888 1839 1955 tanti
1862 1888 2000 1955 ordinis
2020 1911 2094 1955 non
2111 1888 2228 1956 levem

1235 1982 1385 2065 hostem,
1408 1986 1512 2055 illum
1528 1987 1697 2055 miserum
1716 2011 1837 2059 sexum
1853 1991 1970 2059 nescio
1985 1992 2030 2060 ad
2044 2011 2133 2081 quae
2150 2011 2228 2057 uon

1235 2089 1397 2158 scandala
1416 2087 1602 2177 exagitare.
2029 2106 2037 2121 '

1336 2187 1520 2260 Caeterum
1544 2191 1639 2282 quod
1656 2190 1701 2259 ad
1716 2210 1794 2258 rem*
1807 2191 1950 2275 attinet,
1973 2180 2147 2262 incertum
2164 2205 2230 2275 est,

1235 2315 1281 2359 an
1303 2304 1422 2360 nostra
1438 2286 1681 2364 Ecclesiastica
1702 2292 1899 2364 iurisdictio
1916 2294 1959 2361 ad
1978 2288 2230 2362 Northusanos-

1236 2394 1458 2461 extendatur:
1500 2416 1581 2462 cum
1620 2417 1695 2461 non
1729 2394 1911 2465 dubitetur
1943 2393 2228 2464 iurisdictionem

1236 2494 1337 2562 istius
1360 2493 1431 2562 loci
1455 2495 1646 2564 secularem
1669 2491 1727 2590 (ut
1749 2495 1892 2587 vocant)
1916 2497 1959 2563 ad
1981 2492 2096 2565 Duces
2112 2493 2229 2565 Saxo·

1236 2596 1316 2664 niae
1332 2594 1519 2686 pertinere.
1558 2592 1697 2665 Deinde
1713 2595 1751 2663 in
1765 2591 1831 2664 hoc
1849 2620 1931 2665 casu
1947 2620 2021 2665 non
2038 2596 2229 2687 reperiun=

1236 2710 1295 2766 tur
1324 2718 1446 2765 causae
1478 2696 1689 2767 sufficientes
1714 2698 1928 2787 procedendi
1953 2699 1990 2765 in
2014 2699 2222 2768 divortium:

1235 2799 1284 2868 ita
1308 2811 1348 2867 ut
1375 2796 1477 2866 alteri
1505 2797 1615 2887 parti,
1648 2798 1886 2866 innocen-tiori
1914 2799 2079 2879 forsitan,
2110 2799 2227 2867 libera·

1234 2899 1380 2968 facultas
1407 2897 1631 2991 relinquatur
1664 2899 1720 2966 vel
1750 2900 1923 2985 ducendi,
1960 2900 2017 2969 vel
2048 2899 2221 2970 nubendi.

1235 2995 1365 3070 Oritur
1386 3022 1492 3067 omne
1517 2999 1704 3070 dissidium
1724 2999 1816 3069 inter
1839 2993 1902 3068 has
1922 3015 2037 3091 partes
2060 2998 2106 3092 (si
2129 3014 2227 3070 recte

1234 3099 1399 3194 memini)
1419 3114 1480 3170 aut
1495 3124 1536 3168 ex
1551 3094 1656 3170 bouis
1673 3101 1870 3186 dotalibus,
1895 3115 1955 3171 aut
1973 3126 2013 3171 ex
2030 3103 2221 3171 donatione

1234 3217 1381 3292 propter
1406 3202 1566 3293 nuptias:
1604 3215 1640 3270 et
1668 3202 1767 3294 quod
1796 3201 1857 3271 illa
1884 3203 2091 3272 muliercula
2118 3203 2160 3271 in·
2182 3227 2226 3271 re

1233 3302 1422 3387 familiari,
1456 3317 1489 3375 et
1518 3325 1601 3373 cura
1633 3302 1771 3389 mariti,
1801 3327 1863 3372 seu
1892 3303 1999 3372 ctiam
2024 3305 2225 3374 liberorum

1233 3406 1396 3474 videatur
1416 3427 1489 3474 3333
1511 3403 1756 3494 negligentior.
1807 3401 2006 3475 Consilium
2028 3405 2136 3492 igitur
2157 3407 2222 3472 ad·

1232 3501 1306 3576 huc
1326 3519 1433 3589 esset,
1459 3520 1593 3576 tentare
1609 3506 1703 3574 inter
1717 3529 1776 3573 eos
1790 3505 2112 3579 reconciliationem
2127 3499 2225 3575 certa·

1232 3607 1368 3677 ratione
1381 3629 1445 3696 per
1460 3607 1658 3678 cautionem
1672 3606 1839 3697 aliquam,
1864 3618 1925 3675 aut
1940 3607 2048 3674 alium
2064 3607 2227 3687 modum,¹

1233 3732 1337 3801 quam
1353 3707 1634 3778 circumstantiae
1649 3707 1941 3776 existimabuntur
1954 3707 2144 3798 requirere.
2180 3704 2225 3776 si«

1232 3824 1350 3879 tamen
1379 3823 1521 3880 senatus
1545 3801 1828 3892 Northusianus,
1861 3807 2167 3877 consentientibus·
2186 3821 2222 3878 et·

1232 3910 1599 4001 compromittentibus
1613 3908 1771 4000 partibus
1786 3932 1868 3978 suae
1883 3908 2120 3978 iurisdictioni
2135 3932 2228 3978 con-

1232 4006 1414 4082 sistorium
1446 4011 1685 4096 remitterent,
1723 4034 1798 4080 non
1830 4013 2067 4100 denegaretur
2094 4010 2220 4080 iisdem

1232 4113 1392 4206 partibus
1410 4112 1562 4184 iusticia:
1586 4125 1724 4182 servato
1742 4112 1929 4182 iudiciario
1949 4134 2130 4204 processu,
2158 4112 2224 4205 qui

1231 4217 1272 4284 in
1299 4217 1432 4285 ducatu
1461 4226 1641 4305 receptus,
1669 4229 1704 4285 ct
1731 4237 1800 4304 per
1819 4215 2089 4285 constitutiones
2112 4216 2227 4283 verbo

1231 4314 1299 4386 Dei
1323 4315 1540 4400 conformes,
1564 4338 1608 4383 ac
1626 4315 1787 4384 moribus
1807 4311 1864 4385 his
1884 4340 1957 4384 nou
1976 4329 2046 4385 tam
2062 4339 2227 4384 commo-

1231 4419 1294 4486 das
1316 4429 1421 4508 atque
1441 4417 1546 4486 etiam
1563 4416 1775 4484 necessarias
1792 4418 1977 4486 ordinatus
1991 4429 2052 4488 331.
2102 4413 2223 4485 Credo

1232 4518 1446 4587 sic'tandem
1470 4518 1571 4587 istius
1594 4518 1682 4586 honi
1703 4517 1775 4586 viri
1793 4516 2092 4588 incolumitatiac
2115 4518 2224 4586 saluti

1232 4618 1460 4710 parvulorum
1477 4641 1622 4694 suorum
1636 4640 1739 4710 posse
1753 4621 1907 4695 consuli.
1941 4614 2042 4689 Nihil
2058 4613 2118 4689 hic
2134 4619 2223 4689 certi

1232 4717 1375 4805 definio,
1392 4710 1597 4790 charissime
1610 4719 1756 4794 domine
1766 4750 1777 4792 :·
1790 4743 1854 4791 vos
1868 4720 2118 4811 perspexeritis
2128 4721 2227 4818 opt-i·-

1232 4845 1301 4901 113,
1326 4820 1413 4914 quid
1433 4831 1603 4890 causaeet
1618 4823 1774 4910 partium
1791 4823 1881 4893 ratio
1895 4821 2061 4915 patiatur.
2111 4826 2222 4898 Volui

1127 4973 1139 4994 .
1232 4915 1322 4991 11331
1335 4925 1380 4991 ad
1397 4920 1671 5013 postulationem
1685 4936 1795 5009 tuam,
1814 4941 1984 5018 quantum
1999 4948 2061 5015 ego
2077 4925 2226 5018 quidem

1234 5023 1368 5092 iudicio
1389 5037 1596 5093 nostrorum
1607 5025 1829 5115 superiorum
1848 5030 2011 5107 edoctus,
2036 5041 2070 5096 et
2084 5027 2223 5098 casibus

1233 5124 1451 5216 quotidianis
1483 5139 1644 5216 expertus
1675 5149 1776 5212 sum,
1810 5128 1966 5197 breviter
1991 5130 2225 5219 respondere:

1232 5248 1307 5295 non
1329 5229 1426 5320 quod
1449 5226 1511 5296 1113
1535 5240 1706 5319 tanquam
1720 5223 1900 5319 Apollinis
1924 5251 2130 5320 responsum
2146 5255 2223 5299 am·

1232 5327 1359 5417 plecti,
1383 5330 1444 5399 sed
1468 5328 1584 5418 potius
1607 5330 1758 5399 aliorum
1774 5329 1876 5400 etiam
1892 5330 2084 5400 sententias
2098 5354 2226 5421 rogare·

1232 5429 1371 5506 debeas.
1435 5427 1532 5501 Hine
1561 5432 1653 5502 bene
1682 5431 1800 5502 valeas
1820 5431 1863 5500 11
1880 5425 2026 5502 Christo
2048 5432 2228 5505 salvatore
