4882 6436
125 330 199 410 185

110 510 113 518 ·
149 480 156 495 ’
224 505 264 559 D.
274 503 385 570 Solanon
401 485 578 576 magalonen
595 506 755 572 pomerani,
778 509 899 565 Pastoris
916 512 959 571 tet
970 507 1077 578 sterben
1089 526 1120 580 au

222 577 383 644 euticetem,
408 593 442 633 on
462 580 551 634 cubet<
569 578 679 644 bolom
697 581 747 634 unt
761 579 917 650 bresiana,
940 594 990 638 sen
1004 583 1119 652 unitate

224 662 272 716 ceu
282 645 492 728 Megaristum.
512 648 655 728 {Bttteberq
669 650 779 729 permut
791 649 864 711 turdi
872 652 947 712 dont
960 652 1035 732 tunt.
1044 651 1120 733 tstp.

224 716 386 839 ἱιέἒιοιᾶἱᾶῒῃ
396 715 580 837 Ιὲιέὲιεὲιόξξζ),
606 717 652 769 ubi
672 734 700 769 ιη
718 734 833 789 precum
847 717 968 774 formula
984 729 1055 774 enter
1068 718 1120 773 aba

124 888 231 996 „ssas
246 910 418 983 tamnu
434 907 537 1001 aean
552 906 899 1003 accusasatum
915 909 1119 1006 petrianae

52 1015 70 1027 '
125 1011 239 1101 „surlet
261 1015 356 1099 oller,
388 1011 498 1099 hlium
530 1013 622 1086 eseia
642 1016 707 1085 unt
726 1013 867 1100 linter,
892 1017 957 1085 unt
979 1014 1040 1085 uit
1063 1032 1120 1085 one

125 1115 232 1202 „brine
249 1113 347 1209 {sitq
369 1114 470 1188 {einen
487 1116 601 1206 &due
623 1115 743 1205 buben,
770 1112 935 1203 &cleared
950 1115 1024 1204 ocio)
1044 1115 1120 1187 oller

124 1213 314 1306 ,Sllleutdun
336 1216 485 1311 hersen,
509 1222 573 1291 unt
597 1215 698 1309 libell,
725 1222 786 1289 tos
809 1217 900 1308 unire
920 1217 1034 1305 &sinte
1053 1217 1120 1307 lut:

124 1317 271 1410 „amito
300 1318 404 1409 ludeo
433 1322 615 1412 oestitgung
639 1321 751 1410 tedptcr
772 1321 862 1405 terr,
902 1322 965 1391 aab
989 1318 1120 1407 anfride

125 1427 230 1523 „tang
254 1425 320 1492 aas
343 1419 533 1515 bestettgung
557 1423 618 1511 iter
639 1420 1038 1516 {deotliqeuttbgtttuco
1055 1424 1128 1493 unt.

122 1521 296 1615 „summm
321 1523 378 1596 &o
392 1527 488 1596 btttcu
505 1527 564 1596 uit
580 1527 642 1615 tio)
658 1544 720 1597 ooo
733 1523 876 1619 hersen,
901 1523 992 1616 tuto)
1007 1523 1120 1616 aulem

125 1624 284 1721 „halent
303 1625 416 1716 filetum
434 1625 613 1718 (tutillam,
640 1631 680 1699 bu
695 1627 810 1715 molest
826 1627 900 1700 umb
917 1629 1019 1700 heines
1035 1625 1120 1717 dhre

15 1765 18 1769 ·
124 1730 270 1818 „mittem
301 1729 389 1818 uolet
406 1730 614 1825 hetthofft,
641 1729 893 1820 ansechisum,
919 1735 1003 1816 unt,
1029 1728 1119 1818 ualet

35 1860 41 1865 ·
122 1832 265 1921 „hintes
282 1833 345 1903 unt
358 1829 511 1925 brostin,
531 1833 699 1924 guttiflua)
715 1831 813 1921 ibunt
830 1836 894 1904 unt
910 1834 1026 1922 otlegctt
1039 1830 1121 1921 idi?

123 1938 209 2026 „pen
231 1935 295 2005 unt
318 1934 482 2022 henotes,
507 1938 565 2006 mie
586 1936 716 2006 brt-bein
736 1933 1118 2014 hettesnamont

92 2091 96 2098 .
124 2035 241 2125 „treet
256 2035 472 2125 ethotteuuub
489 2038 645 2130 gelduba
659 2035 739 2127 host,
756 2035 1120 2124 cismontanorum

121 2142 179 2228 „be
200 2148 252 2211 tot
275 2143 339 2211 unt
354 2143 454 2233 mont
470 2139 638 2231 gestisses,
665 2144 730 2210 unt
745 2141 791 2211 bie
807 2139 971 2230 utroque
985 2139 1121 2231 {renibus

122 2241 289 2330 „Pedum
314 2239 359 2331 ire
380 2243 510 2336 ungudpt
531 2248 593 2316 unt
616 2242 826 2333 groulomleit
849 2243 929 2334 sidu
945 2261 987 2313 ou
1006 2242 1119 2331 unless

119 2344 239 2433 ,asub
255 2346 319 2415 unb
333 2342 476 2419 &iubeto
492 2345 571 2418 ibeo
589 2343 715 2436 tollen?

123 2555 271 2571 ff

132 2677 201 2751 No.
218 2673 332 2751 8501.

126 2776 338 2808 Μ

980 2689 1013 2748 6.
1033 2677 1093 2748 lul.

942 2772 1114 2801 Μ

377 2876 561 2961 Alberto
575 2876 696 2962 Duri
714 2876 865 2961 Preces.

193 3034 232 3091 Ex
244 3036 412 3110 autographo
426 3036 497 3096 edita
510 3002 525 3090 a
539 3037 630 3092 Fabro
643 3037 672 3092 iu
688 3036 774 3110 Epist.
794 3055 821 3110 p.
838 3038 897 3094 119.
916 3057 960 3112 ep.
972 3039 1016 3096 88.

295 3209 489 3284 Albano
514 3208 642 3284 Daci
663 3210 937 3289 Borussiue.
1030 3241 1032 3245 ’

121 3348 169 3450 S,
195 3365 240 3441 D.
291 3363 534 3455 lllustrissime
547 3364 731 3458 Princeps.
783 3362 879 3437 Ante
896 3366 1043 3438 tridium
1061 3393 1118 3439 ac-

122 3470 201 3563 cepi
224 3469 342 3538 literas
357 3465 588 3537 Celsitudinis
610 3483 766 3553 vestrae,
792 3472 852 3538 sed
876 3471 1021 3561 scriptas
1035 3487 1118 3542 ante

120 3575 331 3663 adparatum
355 3570 442 3638 belli
461 3572 555 3662 quod
572 3573 609 3638 in
626 3566 692 3639 hac
707 3587 805 3662 parte
822 3571 1036 3642 Germaniae
1051 3571 1114 3644 ho·

122 3674 268 3746 stilibus
289 3671 512 3741 sermonibus
529 3664 663 3742 Caroli
683 3671 773 3766 lmp.
793 3688 827 3743 et
847 3677 1037 3765 pontificiis
1061 3679 1077 3745 1
1100 3721 1118 3732 -

118 3775 188 3847 riis
209 3774 430 3855 accenditur,
456 3776 552 3867 quod
574 3790 692 3845 tamen
709 3778 795 3845 deus
812 3778 1003 3846 clementer
1017 3782 1118 3850 seda-

119 3879 185 3950 hic
253 3868 482 3972 Staphylum
508 3901 611 3968 spero
642 3878 711 3947 iam
735 3881 779 3948 ad
803 3876 893 3951 Cels.
915 3907 948 3954 v.
972 3882 1118 3965 venisse,

121 3980 223 4053 cuius
246 3978 481 4047 cruditionem
509 3995 543 4050 et
560 3980 765 4070 gravitatem
784 4004 887 4070 spero
905 3980 1117 4052 Celsitudini

120 4096 258 4152 vestrae
280 4081 490 4170 placituram
514 4107 598 4153 esse.
658 4080 713 4151 De
735 4083 828 4151 bellu
854 4109 895 4152 ex
916 4086 1116 4176 principum

120 4183 235 4255 literis
263 4181 434 4251 celsitudo
464 4201 578 4254 vestra
611 4185 731 4252 omnia
764 4186 892 4255 certius
923 4202 1118 4277 cognoscet.

122 4284 320 4378 Imperator
331 4271 494 4355 Carolus
511 4287 668 4352 minatur
685 4287 863 4378 aliquibus
879 4288 1118 4382 Principibus,

121 4411 212 4482 quos
238 4402 355 4458 tamen
378 4388 539 4454 nondum
566 4387 795 4464 nominavit„
816 4404 849 4458 et
870 4404 910 4458 ut
931 4393 975 4458 ab
995 4418 1115 4460 eorum

123 4489 298 4562 Societate
322 4489 450 4557 avellat
473 4488 648 4572 civitates,
681 4488 768 4559 dicit
788 4513 824 4557 se
841 4505 1023 4561 moturum
1041 4494 1117 4561 bel-

119 4593 197 4662 lum
220 4616 295 4659 non
317 4590 499 4680 religionis
512 4614 633 4675 causa,
659 4593 718 4660 sed
735 4606 879 4684 propter
894 4618 1016 4663 eorum
1033 4619 1118 4663 con-

119 4690 335 4777 tumaciam,
374 4693 457 4785 quia
484 4690 680 4785 Episcopos
711 4696 980 4782 constituerint,
1014 4723 1118 4767 occu-

118 4797 242 4889 parint
274 4796 486 4864 monasteria
515 4812 549 4865 et
576 4810 718 4867 teneant
745 4798 903 4889 captivos
930 4800 1117 4891 principes.

119 4895 213 4969 Nam
234 4892 301 4966 hae
324 4921 447 4966 causae
470 4898 683 4968 nominatim
708 4902 752 4969 ab
779 4925 819 4969 eo
844 4902 1007 4971 recitatae
1024 4916 1117 4972 sunt.

119 4996 214 5072 Cum
243 4999 389 5071 redierit
417 5000 620 5071 adolescens
646 5003 709 5095 qui
730 4999 961 5073 Celsitudinis
983 5018 1119 5073 vestrae
1192 5007 1193 5010 ’

118 5102 242 5175 literas
266 5102 404 5186 attulit,
439 5102 540 5193 plura
563 5104 728 5179 scribam.
780 5104 820 5177 si
844 5099 1024 5175 Marchio
1050 5100 1117 5175 Al-

120 5200 244 5275 bertus
267 5218 414 5295 agnatus
429 5202 661 5276 Celsitudinis
682 5222 818 5278 vestrae
834 5232 907 5277 non
927 5224 1016 5278 esset
1031 5233 1119 5303 conf

118 5306 263 5379 iunctus
289 5331 369 5376 cum
392 5303 554 5378 hostibus
578 5310 678 5380 ducis
695 5309 870 5381 Saxoniae
887 5307 1061 5380 Electoris
1085 5325 1119 5381 et

28 5410 39 5427 ‘
120 5401 369 5505 Landgraeit'
398 5411 510 5480 multo
542 5412 660 5481 minus
692 5415 840 5504 periculi
863 5414 901 5481 in
923 5409 1118 5482 Germania

120 5527 222 5587 esset.
273 5512 343 5583 Sed
365 5514 452 5584 deus
476 5512 544 5586 erit
559 5513 688 5601 Iudex,
710 5541 816 5609 quem
833 5542 896 5586 oro
912 5529 952 5586 ut
968 5518 1028 5586 det
1046 5516 1119 5585 exi-

697 333 1138 418 urtsrotnttunt
1195 329 1303 422 mu.
1342 336 1390 424 Χ,
1440 335 1575 420 tots.

1175 529 1252 587 tum
1274 511 1358 586 huic
1383 528 1482 586 tanto
1510 517 1668 608 periculo
1691 514 1882 607 placidum.
1941 505 2172 608 Staphylum

1174 633 1209 688 et
1232 615 1330 689 hunc
1347 616 1518 696 Sciurum
1541 622 1684 688 doctum
1708 606 1825 685 virum
1851 617 2172 687 commendatuma
2246 618 2252 629 ’

1174 723 1322 799 domino
1338 715 1535 791 Inachimo
1559 723 1767 791 commendo
1790 716 2004 789 Celsitudini
2024 731 2170 793 vestrae.

1173 822 1269 892 Deus
1283 840 1397 897 servet
1412 825 1502 896 Cels.
1518 852 1550 896 v.
1580 821 1690 892 Datae
1705 822 1763 891 ‹tie
1779 819 1907 910 6.1utij
1926 844 1997 915 quo
2012 833 2093 889 ante
2105 842 2172 891 an·

1173 950 1239 995 nos
1265 927 1333 996 131
1362 923 1539 997 lohannes
1559 924 1638 994 Hus
1662 927 1856 994 conbustus
1878 935 1947 1007 est,
1980 945 2061 990 cum
2082 945 2170 1013 pro·

1172 1029 1267 1097 ximo
1294 1054 1414 1099 mense
1432 1046 1514 1101 ante
1535 1030 1759 1121 praecessiset
1776 1025 1946 1096 terribilis
1962 1019 2116 1116 Eclipsis
2129 1023 2171 1093 in

1172 1156 1241 1223 qua
1257 1131 1368 1202 indie
1384 1148 1517 1202 ceterae
1535 1132 1657 1202 stellae
1672 1142 1877 1219 conspectae
1893 1122 1994 1198 sunt(

1484 1233 1699 1305 Celsitudini
1717 1247 1852 1302 vestrae

1771 1329 2033 1402 addictissimus

1685 1430 1875 1528 Philippus
1892 1426 2120 1506 Melanthon.

1172 1771 1238 1845 No.
1261 1769 1372 1842 5502.
1466 1822 1472 1829 -
2025 1780 2058 1842 6.
2078 1766 2142 1837 lul.

1192 1869 1364 1896 m

1566 1957 1605 2041 I.
1636 1956 1779 2040 Ionae.

1241 2114 1353 2187 Epistol.
1374 2115 1421 2170 lib.
1435 2113 1469 2173 V.
1489 2132 1517 2185 p.
1533 2115 1574 2169 18.

1510 2266 1646 2339 Iusto
1671 2263 1831 2337 Ionae.

1172 2404 1218 2494 S.
1245 2421 1291 2499 D.
1342 2420 1420 2493 Etsi
1441 2422 1544 2493 ferrei
1568 2446 1608 2490 ac
1629 2420 1729 2511 impii
1747 2416 1858 2487 animi
1877 2429 1986 2499 esset,
2011 2416 2088 2489 sine
2102 2420 2169 2490 do-

1172 2528 1248 2596 lore
1268 2523 1336 2596 hoc
1354 2540 1490 2596 tantum
1508 2523 1605 2593 orbis
1624 2536 1798 2592 terrarum
1813 2519 2019 2589 incendium
2034 2535 2169 2612 specta·

1174 2654 1211 2697 re
1221 2638 1230 2698 :‘
1264 2642 1381 2698 tamen
1404 2631 1502 2696 decet
1528 2648 1593 2694 nos
1616 2626 1794 2693 intuentes
1820 2623 1858 2690 in
1879 2645 1936 2690 eas
1953 2623 2169 2694 consolatio·

1173 2755 1254 2816 nes,
1286 2754 1373 2823 quas
1391 2727 1488 2799 Deus
1505 2724 1683 2796 Ecclesiae
1707 2749 1790 2794 suae
1815 2724 1963 2807 tradidit
1987 2723 2168 2796 moderari

1173 2833 1405 2918 moestitiam,
1431 2855 1496 2900 nee
1516 2829 1633 2918 frangi
1651 2827 1791 2898 animis.
1843 2824 1959 2896 Lectis
1973 2826 2083 2916 igitur
2098 2826 2169 2898 tuis

1173 2936 1304 3021 literis,
1343 2960 1433 3027 qnae
1458 2932 1674 3021 significant,
1709 2944 1742 2998 te
1765 2952 1989 3022 nequaquam
2009 2941 2169 3001 conster-
2238 3018 2243 3026 Ι

1174 3053 1257 3109 nato
1279 3033 1398 3106 animo
1420 3059 1512 3120 esse,
1537 3047 1570 3102 et
1585 3034 1696 3101 robur
1712 3033 1802 3101 illud
1818 3045 1919 3100 tuum
1937 3031 2106 3122 probavi,
2134 3045 2170 3105 et

1173 3143 1356 3234 aliquanto
1381 3138 1490 3227 magis
1512 3136 1673 3229 acquievi
1697 3135 1779 3226 ipse.
1832 3129 1923 3202 Nam
1944 3152 2045 3205 meus
2062 3133 2169 3205 dolor

1173 3269 1213 3313 eo
1229 3267 1333 3336 quam
1353 3243 1505 3309 aliorum
1520 3238 1635 3307 maior
1649 3250 1712 3322 est,
1737 3237 1822 3330 quia
1836 3248 1957 3305 nostra
1972 3236 2063 3306 mala
2082 3260 2168 3326 pro-
2197 3326 2201 3332 Ι

1172 3348 1252 3438 pins
1274 3345 1395 3429 video,
1422 3341 1630 3435 dequibus,
1657 3366 1736 3409 cum
1756 3362 1825 3408 una
1841 3359 1984 3423 sumus,
2010 3338 2169 3433 colloqui

1171 3450 1334 3518 solemus.
1383 3445 1514 3519 Literis
1536 3442 1618 3512 illae
1633 3442 1796 3536 querelae
1813 3464 1886 3508 non
1904 3453 1988 3510 sunt
2003 3438 2168 3512 commit-

1171 3552 1309 3621 tendae.
1360 3545 1581 3616 Praeliemur
1596 3567 1661 3613 nos
1680 3543 1748 3634 piis
1765 3543 1856 3611 votis
1872 3553 1905 3610 et
1925 3556 2101 3631 petamus,
2127 3557 2169 3615 ut

1171 3651 1266 3723 Deus
1290 3664 1405 3719 servet
1416 3646 1594 3718 Ecclesiae
1618 3670 1700 3714 suae
1722 3643 1908 3735 reliquias,
1935 3656 1969 3711 et
1983 3644 2042 3712 det
2057 3642 2168 3734 placi-

1171 3757 1257 3824 dum
1282 3753 1413 3822 exitum
1438 3746 1523 3818 huic
1544 3748 1668 3819 motui.
1721 3744 1850 3814 Multis
1871 3744 1942 3812 iam
1964 3744 2069 3813 annis
2090 3744 2169 3832 scis,

1171 3856 1280 3926 mein
1296 3878 1425 3944 magno
1438 3853 1562 3922 dolore
1575 3850 1682 3920 fuisse
1698 3862 1732 3917 et
1748 3870 1840 3929 esse,
1866 3858 2051 3937 propterea
2068 3847 2167 3939 quud

1171 3959 1393 4053 quarundam
1416 3953 1735 4025 controversiarum
1760 3947 2051 4039 explicationem,
2078 3971 2169 4043 quae

1171 4061 1366 4132 necessaria
1390 4072 1458 4142 est,
1493 4057 1597 4126 etiam
1615 4081 1633 4123 a
1652 4053 1782 4122 nostris
1801 4049 1967 4141 impediri
1989 4050 2167 4122 videbant.

1170 4163 1311 4234 Deinde
1333 4163 1428 4255 quod
1451 4161 1489 4228 in
1513 4159 1665 4246 regenda
1688 4152 1875 4244 disciplina
1898 4166 1932 4222 et
1948 4152 1986 4220 in
2004 4152 2168 4222 fovendis

1170 4264 1337 4336 Ecclesiis
1361 4289 1400 4332 ac
1424 4250 1654 4353 inspiciendis
1676 4257 1788 4328 nostri
1805 4257 1917 4324 multo
1933 4254 2169 4349 negligentio-

1171 4393 1226 4437 res
1248 4378 1353 4450 su'nt,
1385 4390 1490 4458 quam
1508 4364 1684 4431 debebant
1701 4385 1784 4433 csse.
1839 4354 1908 4427 Hic
1925 4356 2029 4424 dolor
2047 4356 2094 4425 ita
2110 4374 2168 4426 nte

1171 4468 1400 4558 consumpsit,
1418 4482 1458 4537 ut
1473 4489 1567 4533 nunc
1583 4475 1734 4533 mo'rtcm
1751 4462 1869 4529 minus
1887 4472 2054 4531 metuam.
2089 4457 2167 4528 Deo
2289 4464 2293 4477 ¹

1170 4585 1287 4640 autem
1304 4584 1339 4638 et
1356 4594 1412 4637 me
1428 4582 1462 4638 et
1478 4565 1671 4636 Ecclesiam
1687 4563 1908 4634 commendo.
1959 4556 2060 4628 Bene
2078 4559 2169 4630 vale.

1170 4671 1238 4742 Die
1258 4673 1294 4747 6.
1313 4669 1379 4744 tut.
1397 4696 1467 4764 quo
1493 4684 1574 4739 ante
1596 4693 1708 4738 annos
1729 4666 1798 4738 tat
1818 4665 2022 4732 combustus
2040 4675 2093 4732 est
2109 4659 2168 4733 lo·

1169 4771 1308 4857 hannes
1324 4773 1431 4846 Huss.
1457 4770 1565 4842 1546.

1683 4866 1873 4961 Philippus
1889 4859 2116 4940 Melanthon.

1171 5086 1409 5097 ....-——---..---
1422 5081 1729 5093 --.--—-——....-----
1751 5079 1802 5086 ----

2031 5208 2071 5269 6.'
2082 5197 2142 5262 tut.

1998 5289 2168 5316 m

1170 5214 1239 5287 No.
1256 5210 1367 5287 3503.

1172 5312 1382 5341 νὼ

1454 5376 1514 5461 Α.
1546 5368 1886 5456 Lauterbucheb.

1243 5537 1319 5606 †Er
1336 5533 1492 5610 apographo
1510 5528 1575 5589 eod.
1595 5527 1681 5582 Goth.
1701 5525 1759 5580 190.
1778 5542 1805 5595 p.
1822 5523 1880 5578 122.

2096 338 2236 418 Μ’

1996 1859 2170 1890 Μ
2262 1856 2266 1862 ’
