4882 6436
115 281 193 358 466

115 456 255 548 scripta.
306 453 410 524 Nunc
427 479 508 525 cum
529 453 707 525 illustrare
728 479 768 524 ea
784 454 983 545 coepimus,
1014 477 1109 523 nova

114 560 234 629 feritas
260 553 509 628 honestissima
544 557 659 627 studia
689 558 847 648 impedit.
900 556 970 628 Sed
993 552 1109 627 Deum

114 682 254 730 oremus
263 711 275 744 ,
303 673 344 730 ut
359 657 569 730 Academias
590 657 753 730 restituat
767 672 803 729 et
818 674 924 749 regat.
976 657 1109 728 Tabel-

111 762 242 831 larium
265 774 428 832 nostrum
451 776 491 833 ut
506 785 731 832 reversurum
754 783 828 833 esse
854 786 895 831 ex
918 755 1108 854 Tyrigctis

111 887 269 955 sperem,
308 865 448 934 somnio
472 881 627 937 moveor.
677 862 767 933 Nam
796 858 861 933 hac
893 878 995 932 nocte
1028 886 1107 931 cum

112 962 141 1033 I
140 960 309 1034 oachimo
324 959 646 1059 suaviterLipsiac
663 966 944 1035 collocutussum
960 963 1001 1036 iv
1013 959 1108 1035 ὀνεί-

112 1094 179 1163 ρῳ.
230 1067 324 1137 Veni
340 1084 456 1137 autem
472 1071 516 1136 ad
535 1092 615 1138 eum
630 1089 787 1156 egressus
804 1094 845 1137 ex
861 1064 1017 1158 bospitio
1032 1067 1107 1137 usi·

111 1184 201 1254 tato,
228 1183 279 1256 et,
305 1170 401 1239 utin
419 1184 592 1257 mercatu,
619 1171 784 1240 incedens
802 1194 865 1260 per
881 1171 1016 1254 iorum,
1043 1170 1107 1240 ubi

109 1295 237 1364 paucas
252 1273 415 1364 pergulas
430 1273 524 1357 vidi,
550 1287 584 1344 et
599 1274 724 1343 urbem
739 1297 812 1341 non
827 1287 868 1344 ut
882 1286 984 1341 antea
1001 1296 1107 1341 orna-

109 1389 199 1458 tam,
227 1377 286 1443 sed
304 1375 426 1444 multis
442 1377 547 1445 rebus
563 1377 810 1459 deformatam;
838 1389 872 1445 et
887 1400 928 1444 ex
945 1367 982 1464 *)
1008 1374 1107 1443 aedi-

110 1479 177 1546 bus
193 1476 332 1566 collegii
348 1478 406 1546 vix
424 1502 486 1568 per
502 1502 652 1547 coenum
669 1480 840 1547 eluctatus
856 1502 933 1547 sum
954 1479 996 1545 ad
1014 1474 1043 1544 I
1041 1501 1107 1545 oa·

110 1573 225 1647 citimi
243 1579 418 1648 nidulum.
470 1578 597 1649 Nescio
622 1604 678 1649 an.
691 1577 862 1648 Eburnea
883 1595 944 1650 aut
965 1577 1104 1658 Cornea

108 1694 210 1770 porta
227 1703 403 1770 egressum
419 1677 546 1752 sithoc
563 1683 754 1751 somnium.
807 1681 952 1754 Utinam
969 1683 1106 1772 signifi-

108 1797 161 1854 cet
183 1807 390 1872 congressus
424 1786 509 1853 tales
542 1785 640 1853 brevi
664 1786 804 1854 futuros
824 1785 985 1855 restituta
1008 1808 1105 1875 pace,

107 1885 230 1977 quales
250 1900 352 1954 antea
367 1887 515 1957 fuerunt
531 1912 611 1956 cum
637 1887 674 1954 in
690 1900 846 1956 mercatu
863 1888 1104 1958 convenimus.

107 1984 205 2055 Bene
222 1987 319 2070 vale,
345 2001 379 2055 et
395 1989 439 2055 de
455 1989 640 2058 tabellario
655 1989 762 2057 misso
780 1989 816 2056 iu
828 1983 1048 2082 Tyrrgctus,
1074 2013 1104 2057 sr

107 2089 195 2181 quid
211 2089 436 2174 intellexisti,
464 2091 620 2162 scribito.
660 2088 736 2164 Cal.
752 2088 898 2183 Aprilis.
932 2085 1105 2186 †1547.'‘

104 2313 739 2323 ——o—-affl

105 2436 172 2511 No.
190 2438 302 2508 5813.

111 2535 282 2563 Μ

975 2456 1007 2512 2.
1023 2445 1102 2529 Apr.

972 2538 1102 2565 Μ

456 2591 508 2678 V.
539 2589 762 2704 Strigcliu

171 2733 258 2807 Epist.
275 2736 323 2790 lib.
337 2737 386 2794 tlt.
408 2755 434 2807 p.
449 2736 508 2793 247.
533 2737 611 2803 (edit.
624 2738 709 2793 Lond.
724 2736 768 2790 lib.
782 2736 834 2790 111.
861 2754 904 2806 ep.
920 2737 999 2802 160.).

243 2885 307 2960 Ad
335 2886 635 2963 Victorinum
666 2885 962 2983 Strig'clium.

102 3023 147 3113 S.
173 3038 217 3112 D.
269 3035 484 3110 Charissime
509 3032 720 3122 Victorino,
761 3036 831 3106 Hic
851 3039 994 3106 auditor
1016 3052 1099 3108 tuus

101 3138 276 3214 Francus
293 3136 546 3236 Altcntorpius
569 3143 729 3210 narravit
749 3136 841 3208 mihi
863 3164 900 3208 se
920 3141 1099 3231 prosectu-

101 3273 181 3317 rum
199 3268 272 3314 esse
289 3247 333 3313 ad
352 3241 459 3313 Ietae
478 3243 630 3323 Urbem,
662 3269 701 3313 ac
716 3244 915 3312 rediturum
938 3236 1098 3312 Parthe-

101 3373 216 3445 nopen
252 3349 433 3436 explorato
466 3361 558 3416 statu
583 3346 793 3415 Academiae
828 3346 864 3412 in
893 3339 932 3412 T
927 3344 1096 3439 yrigetis,

99 3450 220 3521 Facies
236 3451 344 3537 igitur·
358 3445 448 3517 mihi
466 3473 540 3517 rem
558 3461 710 3538 gratam,
744 3473 823 3516 cum
839 3471 1000 3516 reversus
1018 3450 1096 3517 fue-

101 3554 167 3636 rit,
194 3554 224 3621 si
239 3552 468 3639 significatis,
496 3552 583 3642 quid
595 3565 708 3620 tecum
724 3550 762 3616 in
771 3545 962 3641 Tyrigetis
979 3563 1095 3619 actum

101 3655 157 3724 sit.
208 3650 286 3721 Etsi
309 3651 405 3718 enim
431 3652 635 3740 peregrinos
657 3651 828 3721 exercitus
850 3651 888 3718 in
910 3675 1022 3720 meam
1039 3677 1095 3721 re-

99 3757 241 3846 gionem
267 3754 372 3822 etiam
398 3754 528 3822 adduci
551 3752 758 3822 metuimus:
794 3753 974 3821 tamenin
1000 3751 1096 3825 Urbe

100 3852 193 3926 nihil
210 3856 360 3948 periculi
376 3856 451 3924 lore
468 3880 586 3947 spero,
614 3878 702 3948 quae
718 3868 757 3923 ut
780 3855 1096 3925 doctrinae'domi-

99 3960 222 4031 cilium
243 3973 278 4028 et
300 3983 362 4027 arx
382 3971 543 4042 maneat,
576 3980 790 4048 magnopere
813 3969 909 4049 opto.
970 3957 1041 4029 Sed
1065 3959 1095 4027 si

97 4062 243 4133 redieris
259 4059 465 4158 ἄπρακτος,
493 4060 702 4130 deliberatio
720 4060 786 4128 tibi
803 4062 846 4128 de
857 4053 1035 4130 Balchici
1049 4061 1095 4129 li-

99 4164 186 4236 toris
203 4160 394 4233 Academia
410 4166 544 4252 integra
560 4178 621 4234 est.
650 4159 806 4254 Expecto
824 4163 933 4250 igitur
946 4164 1002 4233 vel
1019 4177 1096 4234 tuas

97 4268 236 4347 literas,
271 4266 326 4332 vel
350 4265 514 4354 teipsum.
567 4261 644 4333 Etsi
669 4279 785 4334 autem
809 4258 1001 4334 Francurn
1029 4267 1095 4337 tibi

97 4384 224 4438 notum
242 4379 365 4453 essget
378 4366 567 4455 probatum
584 4366 757 4448 arbitror,
781 4369 876 4457 quod
889 4380 922 4435 te
935 4370 1093 4437 studiose

97 4485 132 4542 et
145 4469 284 4540 audivit
300 4479 333 4537 et
349 4467 450 4536 colit:
486 4480 603 4535 tamen
620 4480 661 4535 ut
681 4491 761 4534 eum
778 4468 1001 4556 amplectaris
1017 4493 1094 4538 mea

96 4596 218 4657 causa,
250 4594 463 4661 magnopere
486 4583 519 4637 te
544 4594 617 4640 oro.
671 4566 813 4638 Servire
835 4566 1013 4639 Ecclesiae
1027 4567 1094 4639 Dei

96 4676 152 4743 vel
173 4675 210 4744 iu
234 4668 383 4757 scholis,
410 4673 466 4740 vel
486 4671 523 4739 in
548 4670 688 4762 templis
707 4671 821 4762 cupit,
855 4685 888 4740 et
913 4673 1094 4742 doctrinae

95 4764 341 4847 Christianae
357 4775 578 4865 cognitione,
606 4787 639 4842 et
656 4774 768 4843 literis
792 4774 882 4841 bene
901 4772 1094 4844 instructus

95 4892 164 4965 est,
191 4893 226 4948 et
240 4882 282 4947 ad
309 4873 377 4947 hoc
392 4890 640 4947 ornamentum
665 4874 827 4966 adiungit
844 4900 902 4944 mo
934 4900 984 4943 rm
1001 4874 1094 4946 San-

94 4981 249 5054 ctitatem
274 4981 545 5049 convenientem
577 4977 619 5045 iis
646 4978 707 5071 qrri
731 4978 889 5049 membra
906 4899 1093 5047 Ecclesiae

94 5079 164 5153 Dei
179 5105 252 5153 esse
270 5083 408 5152 volunt.
460 5079 583 5151 Sicubi
601 5080 708 5168 igitur
723 5079 858 5149 occasio
875 5081 961 5165 erit,
991 5081 1093 5151 iuva-

92 5185 151 5255 bis
174 5197 208 5254 et
231 5183 376 5255 ornabis
396 5206 491 5251 eum.
541 5180 640 5251 Bene
654 5182 732 5251 vale
752 5195 785 5251 et
808 5182 974 5256 rescribe.
1024 5181 1092 5253 Die

93 5287 129 5360 2.
146 5283 300 5378 Aprilis,
326 5282 434 5355 Anno
453 5277 563 5358 1547.

126 5499 155 5566 ⁸)
175 5496 224 5554 Sic
235 5495 298 5553 cod.
312 5495 397 5551 Goth.
416 5497 475 5550 191.
494 5513 545 5565 pro
558 5496 643 5564 etin,
665 5492 740 5566 quod
754 5493 800 5549 stit
816 5495 925 5554 babent.

94 5591 274 5659 urrann.
297 5591 402 5658 Orrn.
429 5591 513 5656 Vos..
527 5588 586 5656 Vl.

693 276 1147 399 EPISTOLARUMK
1193 279 1303 353 LlB.
1337 280 1384 357 X.
1438 279 1572 358 1547.

639 409 642 413 .
1166 452 1363 581 Q

2088 278 2164 358 teo

2019 457 2159 577 Q

1542 625 1592 708 P.
1623 624 1778 708 Ebero.

1233 788 1330 842 Manlii
1343 789 1441 860 sarrsg.
1465 810 1492 862 p,
1506 789 1592 846 stsb.
1609 821 1645 831 -
1680 787 1749 843 Mel.
1765 789 1844 860 epist.
1865 788 1910 844 lib.
1919 788 1955 843 ll.
1973 805 2000 857 p.
2017 787 2076 843 165.
2102 786 2158 851 (sd.

1262 856 1352 998 Ipogd.
1370 859 1418 914 lib.
1427 860 1462 919 ll.
1481 880 1524 933 ep.
1536 860 1617 930 153.)
1631 892 1666 901 -
1693 859 1877 931 Apogreplrou
1890 859 1919 912 in
1933 860 1995 914 cod.
2005 855 2089 911 Goth.
2098 856 2158 912 401.

1423 1083 1478 1161 D.
1505 1079 1659 1157 Paulo
1685 1082 1879 1181 Ebero¹)

1160 1217 1205 1307 S.
1230 1235 1275 1310 D.
1326 1232 1427 1307 Nihil
1445 1235 1475 1335 ²)
1497 1239 1642 1324 dubito,
1674 1234 1782 1308 huius
1799 1238 1966 1328 temporis
1982 1258 2111 1324 agonas
2128 1231 2156 1331 ³)

1161 1341 1432 1411 similitudinem
1448 1365 1520 1410 esse
1531 1341 1752 1410 miseriarum
1768 1353 1800 1409 et
1816 1339 2049 1408 certaminum
2065 1350 2156 1407 tem-

1161 1443 1257 1536 poris
1282 1442 1588 1516 Maccahaeorum.
1640 1441 1761 1531 Quare
1787 1442 1885 1511 triste
1906 1441 2019 1509 fatum
2041 1455 2155 1510 extre-

1159 1570 1237 1614 mae
1252 1561 1408 1616 senectae
1424 1547 1552 1615 muudi
1575 1557 1803 1635 agnoscentes
1825 1537 1889 1614 scoti
1907 1534 2155 1628 συστενάζον-

1158 1673 1216 1728 τες
1233 1645 1280 1743 ⁴),
1306 1662 1466 1737 petamus
1484 1662 1524 1718 ut
1548 1650 1619 1717 dux
1634 1644 1814 1716 Ecclesiae
1830 1643 1858 1739 ³)
1882 1645 1975 1714 filius
1996 1641 2065 1713 Dei
2088 1669 2153 1736 pro

1159 1751 1262 1819 nobis
1278 1752 1486 1839 praelietur,
1513 1763 1547 1820 et
1561 1751 1697 1838 mitiget
1712 1750 1816 1818 nobis
1832 1770 2017 1818 aerumnas
2033 1747 2153 1835 publi-

1158 1876 1214 1922 cas
1239 1867 1272 1922 et
1289 1854 1453 1942 privatas.
1504 1851 1601 1942 Ego,
1629 1852 1693 1920 etsi
1717 1850 1909 1919 domestico
1933 1848 2031 1918 luctu
2049 1850 2154 1920 valde

1094 1990 1102 2004 ·
1158 1955 1358 2038 excrucior,
1385 1968 1500 2024 tamen
1519 1955 1662 2023 intuens
1676 1953 1818 2043 publica
1833 1950 2011 2022 Ecclesiae
2026 1950 2153 2020 vulne·

1158 2081 1196 2125 ra
1220 2058 1331 2125 multo
1355 2057 1488 2125 maiore
1509 2057 1633 2125 dolore
1658 2055 1803 2128 afficior.
1866 2051 1997 2124 Redire
2022 2053 2064 2121 ad
2090 2078 2153 2123 vos

1158 2183 1198 2226 eo
1220 2161 1331 2248 magis
1355 2160 1476 2250 cupio,
1517 2172 1557 2229 ut
1581 2158 1839 2227 consuetudine
1862 2169 1895 2224 et
1928 2155 2153 2225 sermonibus

1156 2262 1282 2331 vestris
1297 2261 1558 2352 aliquantulum
1574 2254 1602 2355 ⁶)
1628 2285 1647 2328 a
1666 2260 1845 2329 moesticia
1862 2258 2021 2327 animum
2038 2259 2152 2328 abdu-

1157 2388 1244 2431 cam.
1295 2357 1487 2432 Marcello
1508 2357 1615 2432 hodie
1639 2361 1719 2430 misi
1736 2358 1848 2432 ethica
1864 2357 1906 2454 ⁷).
1957 2360 2072 2431 Deum
2092 2384 2152 2430 ae-

1157 2478 1296 2534 ternum
1314 2479 1450 2556 patrem
1467 2465 1605 2533 domini
1622 2466 1736 2535 nostri
1753 2463 1830 2534 lesu
1844 2458 1979 2533 Christi
1996 2487 2079 2546 oro,
2111 2477 2152 2533 ut

1157 2581 1190 2636 te
1204 2564 1383 2637 Ecclesiae
1396 2583 1475 2637 tuae
1493 2569 1704 2636 domesticae
1720 2581 1755 2636 et
1769 2567 1948 2637 communi
1964 2579 2077 2635 servet
2094 2566 2151 2634 iu-

1157 2669 1350 2755 columem,
1377 2685 1443 2739 eta
1461 2670 1591 2738 nostris
1610 2665 1638 2757 ⁸)
1655 2671 1774 2738 liberis
1797 2668 1951 2759 depellat
1966 2668 2149 2737 diabolum

1156 2787 1371 2858 grassantem
1387 2777 1425 2841 iu
1440 2771 1553 2840 lberis
1568 2766 1617 2864 ⁹),
1654 2770 1751 2842 Italis
1769 2786 1803 2841 et
1818 2769 1956 2859 Belgis,
1983 2783 2016 2838 et
2032 2770 2070 2836 in
2088 2768 2151 2839 illa

1156 2870 1347 2968 Empusu,
1374 2900 1463 2967 quae
1479 2899 1608 2941 nomeu
1628 2869 1732 2942 hahet
1749 2865 2033 2966 αὐτοκράτορος.
2067 2870 2149 2943 Sive

1155 2977 1249 3043 enim
1272 2977 1378 3060 vivit,
1412 2978 1484 3043 sive
1509 2971 1624 3044 adhuc
1653 2976 1691 3042 in
1716 2977 1793 3066 ripa
1816 2987 1970 3066 expectat
1987 2977 2148 3067 cymbam

1153 3074 1362 3162 Charoutis,
1395 3080 1500 3169 plane
1522 3103 1602 3146 cum
1624 3093 1762 3168 spectro
1788 3078 1921 3148 bellum
1945 3076 2078 3165 geritur
2093 3073 2149 3167 ¹⁰).

1186 3339 1213 3405 l)
1233 3337 1321 3394 illaul.
1337 3341 1435 3393 Amico
1449 3342 1570 3392 curiium.

1186 3424 1214 3490 2)
1232 3424 1321 3492 Nihil]
1339 3423 1428 3477 Manl.
1443 3426 1517 3478 Non.

1184 3511 1211 3577 3)
1229 3519 1351 3578 egonus]
1365 3511 1451 3570 Manl.
1465 3529 1608 3567 remorre.

1180 3599 1208 3665 a)
1219 3597 1362 3719 geoupwm
1376 3607 1413 3720 οὲ
1422 3596 1463 3717 eg.
1477 3597 1568 3721 Idonpl.
1578 3595 1823 3720 4σοοτῖἐὶχοιίες,
1840 3599 1989 3664 meudose;
2009 3598 2052 3682 ci..
2062 3599 2144 3655 llom.

1217 3685 1461 3807 gisseio-scriniis}
1488 3676 1563 3790 eiiii
1570 3670 1947 3802 piisurrirllgtsgyssgzl'fvrtts
1966 3669 2085 3722 Mantus
2096 3688 2146 3740 pro

1183 3821 1210 3889 5)
1227 3820 1368 3874 Ecclcsrire
1381 3821 1468 3878 Mani.
1481 3840 1537 3874 uon
1552 3821 1640 3875 babet.

1183 3909 1210 3978 6)
1228 3909 1438 3977 aliquantulum
1457 3906 1546 3961 Maul.
1558 3926 1617 3962 nou
1632 3907 1721 3963 habet.

1182 3993 1210 4062 7)
1219 3992 1501 4114 ¹Meridie-etium]
1525 4011 1612 4064 neque
1629 3992 1659 4046 in
1666 3993 1753 4047 Manl.
1773 4010 1863 4063 neque
1877 3991 1905 4044 in
1920 3991 1983 4047 cod.
1994 3988 2144 4046 Gothum.

1230 4081 1299 4131 eguu
1314 4081 1357 4116 ur.

1183 4149 1212 4213 8)
1232 4147 1320 4203 Mani.
1337 4151 1446 4204 vestris.

1182 4233 1210 4299 9)
1229 4233 1332 4299 Iberis]
1349 4234 1438 4289 Msul.
1451 4236 1575 4296 liberos,
1589 4243 1615 4286 et
1629 4231 1673 4287 hic
1687 4230 1748 4285 linit
1761 4240 1844 4286 totam
1861 4231 2012 4301 epistolam.

1184 4321 1227 4383 10)
1246 4318 1329 4372 Fama
1349 4329 1406 4372 erat
1427 4318 1479 4375 hoc
1497 4330 1620 4399 ternpore
1641 4314 1827 4387 Witebergae
1846 4315 1975 4368 Csrolurn
2003 4325 2143 4368 mortuum

1218 4404 1292 4452 esse,
1312 4399 1337 4441 et
1352 4407 1406 4439 non
1421 4389 1508 4457 ipsum
1525 4385 1642 4453 alicubi,
1660 4386 1706 4438 sed
1724 4395 1862 4454 spectrum
1879 4384 2011 4454 conspici.
2048 4385 2144 4438 Liceat

1217 4453 1262 4508 bic
1274 4457 1338 4507 dare
1353 4458 1493 4524 epistolam
1511 4458 1617 4508 Basilii
1626 4453 1799 4507 Mouneriad
1813 4452 1915 4504 lustum
1929 4452 2042 4518 lonam,
2062 4472 2144 4524 quarn

1218 4542 1248 4576 ex
1266 4526 1433 4606 autographo
1447 4525 1577 4578 Mouneri
1596 4527 1624 4576 in
1636 4518 1746 4579 Volum.
1770 4522 1855 4592 Epist.
1869 4521 2004 4592 Meining.
2023 4541 2066 4593 ep.
2085 4523 2142 4576 142.

1218 4591 1357 4663 descripsi.
1395 4595 1535 4647 listbaecs

1285 4662 1419 4730 „Quanta
1432 4662 1466 4716 sit
1481 4661 1600 4716 efficacia
1621 4661 1680 4734 piae
1695 4660 1878 4733 precationis,
1905 4657 2009 4713 clariss.
2026 4660 2064 4713 D.
2079 4661 2143 4714 Do·

1285 4741 1363 4800 utor,
1390 4733 1487 4816 probat
1502 4731 1666 4800 experientia
1684 4731 1764 4784 etiam
1783 4728 1824 4783 his
1844 4726 1945 4783 nostris
1966 4729 2144 4813 temporibus.

1283 4801 1340 4854 Etsi
1354 4822 1426 4855 enun
1441 4820 1497 4855 non
1513 4802 1548 4854 ita
1563 4799 1679 4853 multum
1694 4797 1812 4853 effecisse
1820 4800 1928 4854 videtur
1942 4811 2074 4852 exercitus
2089 4818 2142 4852 uo-

1285 4880 1350 4938 ster,
1370 4883 1459 4925 tamen
1475 4873 1598 4924 videmus
1611 4881 1637 4922 et
1650 4869 1790 4939 sentimus,
1808 4868 1893 4922 multa
1907 4869 1988 4940 impia
2003 4879 2028 4922 et
2043 4886 2140 4922 cruen-

1284 4952 1311 4992 te
1332 4941 1444 4994 consilia
1461 4940 1580 4992 bostium
1603 4939 1687 4991 fracta
1711 4957 1784 5003 esse,
1810 4957 1842 4993 ac
1854 4938 1954 4990 sensim
1972 4956 2004 4989 eo
2020 4947 2141 4998 rentum,

1284 5009 1354 5062 haud
1370 5008 1452 5062 dubie
1464 5007 1595 5079 singulari
1610 5008 1661 5060 Dei
1676 5006 1811 5069 consilio,
1834 5017 1864 5060 ut
1880 5005 1983 5058 domini
1999 5004 2078 5058 uobis
2092 5022 2140 5058 ac-

1285 5077 1429 5143 cesserint,
1459 5095 1576 5148 quorum
1600 5095 1675 5129 nunc
1694 5078 1721 5128 iu
1743 5076 1843 5129 finibus
1857 5093 1915 5130 esse
1933 5073 2092 5128 scribuntur
2106 5073 2140 5126 ad

1282 5147 1439 5218 quindecim
1457 5145 1556 5210 millia,
1582 5155 1608 5197 et
1622 5145 1692 5198 iutra
1708 5145 1821 5199 biduum
1838 5144 1870 5198 sd
1886 5142 2053 5212 septuaginta
2065 5141 2139 5196 milis

1283 5215 1457 5270 convenient.
1492 5214 1545 5268 Sed
1561 5214 1689 5268 auxilium
1706 5211 2066 5278 nostrumaDuminoest,
2092 5209 2138 5282 qui

1282 5283 1352 5337 haud
1369 5285 1449 5337 dubie
1462 5282 1548 5337 malos
1564 5282 1634 5336 male
1648 5282 1754 5354 perdet,
1771 5291 1797 5334 et
1808 5301 1854 5334 san
1876 5279 1996 5334 uiuarios
2006 5278 2139 5351 illosper·

1281 5354 1348 5407 fidos
1361 5373 1392 5407 ac
1421 5354 1526 5407 eriuros
1539 5360 1652 5420 evertet,
1670 5360 1697 5403 et
1708 5300 1937 5405 adertstteclesise
1948 5367 2022 5416 suae,
2034 5348 2137 5401 etiamsi

1282 5423 1389 5493 aliquan
1410 5443 1426 5476 ο
1442 5420 1596 5487 differatur,
1614 5419 1872 5486 utnobisridetur,
1899 5417 2037 5472 auxilium.
2065 5416 2137 5470 Fer·

1279 5495 1437 5545 dinundum
1451 5500 1478 5542 et
1491 5490 1605 5543 Morum
1618 5488 1806 5557 [Maecilium]
1819 5488 1892 5543 siunt
1905 5485 1990 5557 Egrae
2002 5487 2136 5552 iaruesse,

1240 5582 1290 5654 80
